
@article{castro_joss,
  doi = {10.21105/joss.02513},
  url = {https://doi.org/10.21105/joss.02513},
  year = {2020},
  publisher = {The Open Journal},
  volume = {5},
  number = {54},
  pages = {2513},
  author = {Ann Almgren and Maria Barrios Sazo and John Bell and Alice Harpole and Max Katz and Jean Sexton and Donald Willcox and Weiqun Zhang and Michael Zingale},
  title = {CASTRO: A Massively Parallel Compressible Astrophysics Simulation Code},
  journal = {Journal of Open Source Software}
}

@ARTICLE{positivity_preserving,
author = {{Hu}, Xiangyu Y. and {Adams}, Nikolaus A. and {Shu}, Chi-Wang},
title = "{Positivity-preserving method for high-order conservative schemes solving compressible Euler equations}",
journal = {Journal of Computational Physics},
keywords = {Physics - Fluid Dynamics},
year = 2013,
month = jun,
volume = {242},
pages = {169-180},
doi = {10.1016/j.jcp.2013.01.024},
archivePrefix = {arXiv},
eprint = {1203.1540},
primaryClass = {physics.flu-dyn},
adsurl = {https://ui.adsabs.harvard.edu/abs/2013JCoPh.242..169H},
adsnote = {Provided by the SAO/NASA Astrophysics Data System}
}

@ARTICLE{MESA,
author = {{Paxton}, Bill and {Bildsten}, Lars and {Dotter}, Aaron and {Herwig}, Falk and {Lesaffre}, Pierre and {Timmes}, Frank},
title = "{Modules for Experiments in Stellar Astrophysics (MESA)}",
journal = {The Astrophysical Journal Supplement Series},
keywords = {methods: numerical, stars: evolution, stars: general, Astrophysics - Solar and Stellar Astrophysics, Astrophysics - Instrumentation and Methods for Astrophysics},
year = 2011,
month = jan,
volume = {192},
number = {1},
eid = {3},
pages = {3},
doi = {10.1088/0067-0049/192/1/3},
archivePrefix = {arXiv},
eprint = {1009.1622},
primaryClass = {astro-ph.SR},
adsurl = {https://ui.adsabs.harvard.edu/abs/2011ApJS..192....3P},
adsnote = {Provided by the SAO/NASA Astrophysics Data System}
}
