
%comment{This file was created with betterbib v4.0.6.}


@article{Ogata_etal09,
 author = {Ogata, K. and Kan, M. and Kamimura, M.},
 title = {Quantum Three-Body Calculation of the Nonresonant Triple- Reaction Rate at Low Temperatures},
 journal = {Prog. Theor. Phys.},
 archiveprefix = {arXiv},
 eprint = {0905.0007},
 primaryclass = {astro-ph.SR},
 year = {2009},
 month = oct,
 volume = {122},
 pages = {1055-1064},
 adsurl = {http://adsabs.harvard.edu/abs/2009PThPh.122.1055O},
 adsnote = {Provided by the SAO/NASA Astrophysics Data System},
 doi = {10.1143/ptp.122.1055},
 number = {4},
 source = {Crossref},
 url = {https://doi.org/10.1143/ptp.122.1055},
 publisher = {Oxford University Press (OUP)},
 issn = {0033-068X, 1347-4081},
}

@article{HEGER_ETAL07B,
 author = {Heger, Alexander and Cumming, Andrew and Woosley, S. E.},
 title = {Millihertz Quasi-periodic Oscillations from Marginally Stable Nuclear Burning on an Accreting Neutron Star},
 journal = {ApJ},
 keywords = {Accretion, Accretion Disks, Stars: Neutron, X-Rays: Bursts},
 year = {2007},
 month = aug,
 volume = {665},
 pages = {1311-1320},
 doi = {10.1086/517491},
 adsurl = {http://adsabs.harvard.edu/abs/2007ApJ...665.1311H},
 adsnote = {Provided by the SAO/NASA Astrophysics Data System},
 number = {2},
 source = {Crossref},
 url = {https://doi.org/10.1086/517491},
 publisher = {American Astronomical Society},
 issn = {0004-637X, 1538-4357},
}

@article{OguPhi62,
 author = {Ogura, Yoshimitsu and Phillips, Norman A.},
 title = {Scale Analysis of Deep and Shallow Convection in the Atmosphere},
 journal = {J. Atmos. Sci.},
 volume = {19},
 pages = {173-179},
 year = {1962},
 doi = {10.1175/1520-0469(1962)019<0173:saodas>2.0.co;2},
 number = {2},
 source = {Crossref},
 url = {https://doi.org/10.1175/1520-0469(1962)019<0173:saodas>2.0.co;2},
 publisher = {American Meteorological Society},
 issn = {0022-4928, 1520-0469},
 month = mar,
}

@article{Durran_mono,
 author = {Durran, Dale},
 title = {Atmospheric processes over complex Terrain},
 journal = {Meteorol. Monographs},
 volume = {23},
 number = {45},
 year = {1990},
 pages = {59 {\textendash} 81},
}

@article{bryan:1995,
 author = {Bryan, Greg L. and Norman, Michael L. and Stone, James M. and Cen, Renyue and Ostriker, Jeremiah P.},
 title = {A piecewise parabolic method for cosmological hydrodynamics},
 journal = {Comput. Phys. Commun.},
 year = {1995},
 month = aug,
 volume = {89},
 pages = {149-168},
 doi = {10.1016/0010-4655(94)00191-4},
 adsurl = {http://adsabs.harvard.edu/abs/1995CoPhC..89..149B},
 adsnote = {Provided by the SAO/NASA Astrophysics Data System},
 number = {1-3},
 source = {Crossref},
 url = {https://doi.org/10.1016/0010-4655(94)00191-4},
 publisher = {Elsevier BV},
 issn = {0010-4655},
}

@article{castro,
 author = {Almgren, A. S. and Beckner, V. E. and Bell, J. B. and Day, M. S. and Howell, L. H. and Joggerst, C. C. and Lijewski, M. J. and Nonaka, A. and Singer, M. and Zingale, M.},
 title = {Castro: A New Compressible Astrophysical Solver. I. Hydrodynamics And Self-Gravity},
 journal = {ApJ},
 archiveprefix = {arXiv},
 eprint = {1005.0114},
 keywords = {equation of state, gravitation, hydrodynamics, methods: numerical, nuclear reactions, nucleosynthesis, abundances},
 year = {2010},
 month = may,
 volume = {715},
 pages = {1221-1238},
 doi = {10.1088/0004-637x/715/2/1221},
 adsurl = {http://adsabs.harvard.edu/abs/2010ApJ...715.1221A},
 adsnote = {Provided by the SAO/NASA Astrophysics Data System},
 number = {2},
 source = {Crossref},
 url = {https://doi.org/10.1088/0004-637x/715/2/1221},
 publisher = {American Astronomical Society},
 issn = {0004-637X, 1538-4357},
}

@article{flash,
 author = {{Fryxell}, B. and {Olson}, K. and {Ricker}, P. and {Timmes}, F. X. and {Zingale}, M. and {Lamb}, D. Q. and {MacNeice}, P. and {Rosner}, R. and {Truran}, J. W. and {Tufo}, H.},
 title = {FLASH: An Adaptive Mesh Hydrodynamics Code for Modeling Astrophysical Thermonuclear Flashes},
 journal = {},
 year = {2000},
 month = nov,
 volume = {131},
 pages = {273{\textendash}334},
}

@book{Bou03,
 author = {Fourier, Jean Baptiste Joseph},
 title = {Th\'eorie Analytique de la Chaleur},
 publisher = {Cambridge University Press},
 volume = {2},
 year = {2009},
 doi = {10.1017/cbo9780511693229},
 source = {Crossref},
 url = {https://doi.org/10.1017/cbo9780511693229},
 isbn = {9780511693229},
}

@article{caughlan-fowler:1988,
 author = {Caughlan, G. R. and Fowler, W. A.},
 title = {Thermonuclear Reaction Rates V},
 year = {1988},
 journal = {Atom. Data Nucl. Data},
 volume = {40},
 number = {2},
 pages = {283{\textendash}334},
 note = {see also \ensuremath{<}http://www.phy.ornl.gov/astrophysics/data/cf88/index.html\ensuremath{>}},
}

@article{Bell:2004,
 author = {Bell, J.B and Day, M.S and Rendleman, C.A and Woosley, S.E and Zingale, M.A},
 title = {Adaptive low Mach number simulations of nuclear flame microphysics},
 journal = {J. Comput. Phys.},
 year = {2004},
 volume = {195},
 number = {2},
 pages = {677-694},
 doi = {10.1016/j.jcp.2003.10.035},
 source = {Crossref},
 url = {https://doi.org/10.1016/j.jcp.2003.10.035},
 publisher = {Elsevier BV},
 issn = {0021-9991},
 month = apr,
}

@article{almgren:2000,
 author = {Almgren, Ann S.},
 title = {A New Look at the Pseudo-Incompressible Solution to Lamb{\textquoteright}s Problem of Hydrostatic Adjustment},
 journal = {J. Atmos. Sci.},
 volume = {57},
 month = apr,
 year = {2000},
 pages = {995-998},
 doi = {10.1175/1520-0469(2000)057<0995:anlatp>2.0.co;2},
 number = {7},
 source = {Crossref},
 url = {https://doi.org/10.1175/1520-0469(2000)057<0995:anlatp>2.0.co;2},
 publisher = {American Meteorological Society},
 issn = {0022-4928, 1520-0469},
}

@article{timmes_swesty:2000,
 author = {Timmes, F. X. and Swesty, F. Douglas},
 title = {The Accuracy, Consistency, and Speed of an Electron-Positron Equation of State Based on Table Interpolation of the Helmholtz Free Energy},
 journal = {ASTROPHYS J SUPPL S},
 keywords = {EQUATION OF STATE, HYDRODYNAMICS, METHODS: NUMERICAL, STARS: GENERAL, Equation of State, Hydrodynamics, Methods: Numerical, Stars: General},
 year = {2000},
 month = feb,
 volume = {126},
 pages = {501-516},
 doi = {10.1086/313304},
 adsurl = {http://adsabs.harvard.edu/abs/2000ApJS..126..501T},
 adsnote = {Provided by the SAO/NASA Astrophysics Data System},
 note = {Source code obtained from http://cococubed.asu.edu/codes/eos.shtml/helmholtz.tbz},
 number = {2},
 source = {Crossref},
 url = {https://doi.org/10.1086/313304},
 publisher = {American Astronomical Society},
 issn = {0067-0049, 1538-4365},
}

@article{timmes_aprox13,
 author = {{Timmes}, F. X.},
 title = {aprox13 network},
 year = {2019},
 note< = {http://cococubed.asu.edu/code\_pages/burn\_helium.shtml},
}

@phdthesis{Lin:2005,
 author = {Lin, David J.},
 title = {Implementing the Low Mach Number Approximation for Multidimensional Hydrodynamical Modeling of Type I X-Ray Bursts},
 school = {Field of Physics and Astronomy, Northwestern University},
 year = {2005},
 month = may,
}

@article{ABRZ:I,
 author = {Almgren, A. S. and Bell, J. B. and Rendleman, C. A. and Zingale, M.},
 title = {Low Mach Number Modeling of Type Ia Supernovae. I. Hydrodynamics},
 journal = {ApJ},
 year = {2006},
 volume = {637},
 pages = {922-936},
 month = feb,
 note = {paper I},
 doi = {10.1086/498426},
 number = {2},
 source = {Crossref},
 url = {https://doi.org/10.1086/498426},
 publisher = {American Astronomical Society},
 issn = {0004-637X, 1538-4357},
}

@article{ABRZ:II,
 author = {Almgren, A. S. and Bell, J. B. and Rendleman, C. A. and Zingale, M.},
 title = {Low Mach Number Modeling of Type Ia Supernovae. II. Energy Evolution},
 journal = {ApJ},
 year = {2006},
 volume = {649},
 pages = {927-938},
 month = oct,
 note = {paper II},
 doi = {10.1086/507089},
 number = {2},
 source = {Crossref},
 url = {https://doi.org/10.1086/507089},
 publisher = {American Astronomical Society},
 issn = {0004-637X, 1538-4357},
}

@article{ABNZ:III,
 author = {Almgren, A. S. and Bell, J. B. and Nonaka, A. and Zingale, M.},
 title = {Low Mach Number Modeling of Type Ia Supernovae. III. Reactions},
 journal = {Astrophys. J.},
 year = {2008},
 month = sep,
 volume = {684},
 pages = {449-470},
 note = {paper III},
 doi = {10.1086/590321},
 number = {1},
 source = {Crossref},
 url = {https://doi.org/10.1086/590321},
 publisher = {American Astronomical Society},
 issn = {0004-637X, 1538-4357},
}

@article{ZABNW:IV,
 author = {Zingale, M. and Almgren, A. S. and Bell, J. B. and Nonaka, A. and Woosley, S. E.},
 title = {Low Mach Number Modeling Of Type Ia Supernovae. Iv. White Dwarf Convection},
 journal = {ApJ},
 year = {2009},
 volume = {704},
 pages = {196-210},
 doi = {10.1088/0004-637x/704/1/196},
 number = {1},
 source = {Crossref},
 url = {https://doi.org/10.1088/0004-637x/704/1/196},
 publisher = {American Astronomical Society},
 issn = {0004-637X, 1538-4357},
 month = sep,
}

@article{MAESTRO:Multilevel,
 author = {Nonaka, A. and Almgren, A. S. and Bell, J. B. and Lijewski, M. J. and Malone, C. M. and Zingale, M.},
 title = {Maestro: An Adaptive Low Mach Number Hydrodynamics Algorithm For Stellar Flows},
 journal = {ApJS},
 year = {2010},
 volume = {188},
 pages = {358-383},
 note = {paper V},
 doi = {10.1088/0067-0049/188/2/358},
 number = {2},
 source = {Crossref},
 url = {https://doi.org/10.1088/0067-0049/188/2/358},
 publisher = {American Astronomical Society},
 issn = {0067-0049, 1538-4365},
 month = may,
}

@article{schwarzschildharm,
 author = {Schwarzschild, M. and HÃ¤rm, R.},
 title = {Therma Instability in Non-Degenerate Stars.},
 journal = {ApJ},
 year = {1965},
 month = oct,
 volume = {142},
 pages = {855},
 adsurl = {http://adsabs.harvard.edu/cgi-bin/nph-bib\_query?bibcode=1965ApJ...142..855S db\_key=AST},
 adsnote = {Provided by the Smithsonian/NASA Astrophysics Data System},
 doi = {10.1086/148358},
 source = {Crossref},
 url = {https://doi.org/10.1086/148358},
 publisher = {American Astronomical Society},
 issn = {0004-637X, 1538-4357},
}

@article{Lin:2006,
 author = {Lin, David J. and Bayliss, Alvin and Taam, Ronald E.},
 title = {Low Mach Number Modeling of Type I X-Ray Burst Deflagrations},
 journal = {ApJ},
 eprint = {astro-ph/0606207},
 keywords = {Convection, Hydrodynamics, Methods: Numerical, Stars: Neutron, X-Rays: Bursts},
 year = {2006},
 month = dec,
 volume = {653},
 pages = {545-557},
 doi = {10.1086/508863},
 adsurl = {http://adsabs.harvard.edu/abs/2006ApJ...653..545L},
 adsnote = {Provided by the SAO/NASA Astrophysics Data System},
 number = {1},
 source = {Crossref},
 url = {https://doi.org/10.1086/508863},
 publisher = {American Astronomical Society},
 issn = {0004-637X, 1538-4357},
}

@article{CUMM_ETAL06,
 author = {Cumming, Andrew and Macbeth, Jared and Zand, J. J. M. in ât and Page, Dany},
 title = {Long Type I X-Ray Bursts and Neutron Star Interior Physics},
 journal = {ApJ},
 year = {2006},
 month = jul,
 volume = {646},
 pages = {429-451},
 doi = {10.1086/504698},
 number = {1},
 source = {Crossref},
 url = {https://doi.org/10.1086/504698},
 publisher = {American Astronomical Society},
 issn = {0004-637X, 1538-4357},
}

@inproceedings{WOO_WEAV84,
 author = {Woosley, S. E. and Weaver, Thomas A.},
 editor = {{Woosley}, S. E.},
 title = {Repeated thermonuclear flashes on an accreting neutron star},
 booktitle = {AIP Conference Proceedings},
 pages = {273-+},
 year = {1984},
 volume = {115},
 series = {American Institute of Physics Conference Series},
 doi = {10.1063/1.34531},
 source = {Crossref},
 url = {https://doi.org/10.1063/1.34531},
 publisher = {AIP},
 issn = {0094-243X},
}

@article{TAAM_ETAL93,
 author = {Taam, Ronald E. and Woosley, S. E. and Weaver, T. A. and Lamb, D. Q.},
 title = {Successive X-ray bursts from accreting neutron stars},
 journal = {ApJ},
 year = {1993},
 volume = {413},
 pages = {324},
 month = aug,
 doi = {10.1086/173000},
 source = {Crossref},
 url = {https://doi.org/10.1086/173000},
 publisher = {American Astronomical Society},
 issn = {0004-637X, 1538-4357},
}

@article{HEG_ETAL07,
 author = {Heger, Alexander and Cumming, Andrew and Galloway, Duncan K. and Woosley, Stanford E.},
 title = {Models of Type I X-Ray Bursts from GS 1826-24: A Probe of rp-Process Hydrogen Burning},
 journal = {ApJ},
 year = {2007},
 volume = {671},
 pages = {L141-L144},
 month = nov,
 doi = {10.1086/525522},
 number = {2},
 source = {Crossref},
 url = {https://doi.org/10.1086/525522},
 publisher = {American Astronomical Society},
 issn = {0004-637X, 1538-4357},
}

@incollection{STRO_BILD06,
 author = {Strohmayer, Tod and Bildsten, Lars},
 editor = {{Lewin}, W. H. G and {van der Klis}, M.},
 title = {New views of thermonuclear bursts},
 publisher = {Cambridge University Press},
 year = {2006},
 pages = {113-156},
 doi = {10.1017/cbo9780511536281.004},
 source = {Crossref},
 url = {https://doi.org/10.1017/cbo9780511536281.004},
 booktitle = {Compact Stellar X-ray Sources},
}

@article{SHARA82,
 author = {Shara, M. M.},
 title = {Localized thermonuclear runaways and volcanoes on degenerate dwarf stars},
 journal = {ApJ},
 volume = {261},
 pages = {649},
 month = oct,
 year = {1982},
 doi = {10.1086/160376},
 source = {Crossref},
 url = {https://doi.org/10.1086/160376},
 publisher = {American Astronomical Society},
 issn = {0004-637X, 1538-4357},
}

@article{ZINGALE_ETAL01,
 author = {Zingale, M. and Timmes, F. X. and Fryxell, B. and Lamb, D. Q. and Olson, K. and Calder, A. C. and Dursi, L. J. and Ricker, P. and Rosner, R. and MacNeice, P. and Tufo, H. M.},
 title = {Helium Detonations on Neutron Stars},
 journal = {ASTROPHYS J SUPPL S},
 year = {2001},
 volume = {133},
 pages = {195-220},
 month = mar,
 doi = {10.1086/319182},
 number = {1},
 source = {Crossref},
 url = {https://doi.org/10.1086/319182},
 publisher = {American Astronomical Society},
 issn = {0067-0049, 1538-4365},
}

@article{spitkovsky2002,
 author = {Spitkovsky, Anatoly and Levin, Yuri and Ushomirsky, Greg},
 title = {Propagation of Thermonuclear Flames on Rapidly Rotating Neutron Stars: Extreme Weather during Type I X-Ray Bursts},
 journal = {ApJ},
 eprint = {astro-ph/0108074},
 keywords = {Accretion, Accretion Disks, Hydrodynamics, Instabilities, Nuclear Reactions, Nucleosynthesis, Abundances, Stars: Neutron, X-Rays: Bursts},
 year = {2002},
 month = feb,
 volume = {566},
 pages = {1018-1038},
 doi = {10.1086/338040},
 adsurl = {http://adsabs.harvard.edu/abs/2002ApJ...566.1018S},
 adsnote = {Provided by the SAO/NASA Astrophysics Data System},
 number = {2},
 source = {Crossref},
 url = {https://doi.org/10.1086/338040},
 publisher = {American Astronomical Society},
 issn = {0004-637X, 1538-4357},
}

@article{STRO_ETAL96,
 author = {Strohmayer, Tod E. and Zhang, William and Swank, Jean H. and Smale, Alan and Titarchuk, Lev and Day, Charles and Lee, Umin},
 title = {Millisecond X-Ray Variability from an Accreting Neutron Star System},
 journal = {Astrophys. J.},
 year = {1996},
 volume = {469},
 pages = {L9-L12},
 month = sep,
 doi = {10.1086/310261},
 number = {1},
 source = {Crossref},
 url = {https://doi.org/10.1086/310261},
 publisher = {American Astronomical Society},
 issn = {0004-637X},
}

@article{NAR_COOP07,
 author = {Narayan, Ramesh and Cooper, Randall L.},
 title = {Generation of Type I X-Ray Burst Oscillations by Unstable Surface Modes},
 journal = {ApJ},
 eprint = {arXiv:astro-ph/0702690},
 keywords = {Accretion, Accretion Disks, Stars: Neutron, X-Rays: Binaries, X-Rays: Bursts},
 year = {2007},
 month = aug,
 volume = {665},
 pages = {628-636},
 doi = {10.1086/519552},
 adsurl = {http://adsabs.harvard.edu/abs/2007ApJ...665..628N},
 adsnote = {Provided by the SAO/NASA Astrophysics Data System},
 number = {1},
 source = {Crossref},
 url = {https://doi.org/10.1086/519552},
 publisher = {American Astronomical Society},
 issn = {0004-637X, 1538-4357},
}

@article{SWE_MYRA09,
 author = {Swesty, F. Douglas and Myra, Eric S.},
 title = {A Numerical Algorithm For Modeling Multigroup Neutrino-Radiation Hydrodynamics In Two Spatial Dimensions},
 journal = {ApJS},
 keywords = {hydrodynamics, radiative transfer, methods: numerical, supernovae: general, stars: interiors},
 year = {2009},
 month = feb,
 volume = {181},
 pages = {1-52},
 doi = {10.1088/0067-0049/181/1/1},
 adsurl = {http://adsabs.harvard.edu/abs/2009ApJS..181....1S},
 adsnote = {Provided by the SAO/NASA Astrophysics Data System},
 number = {1},
 source = {Crossref},
 url = {https://doi.org/10.1088/0067-0049/181/1/1},
 publisher = {American Astronomical Society},
 issn = {0067-0049, 1538-4365},
}

@article{BHATTA10,
 author = {Bhattacharyya, Sudip},
 title = {Measurement of neutron star parameters: A review of methods for low-mass X-ray binaries},
 journal = {Adv. Space Res-series.},
 archiveprefix = {arXiv},
 eprint = {1001.1642},
 keywords = {Astrophysics - High Energy Astrophysical Phenomena, Astrophysics - Galaxy Astrophysics},
 year = {2010},
 month = apr,
 adsurl = {http://adsabs.harvard.edu/abs/2010arXiv1001.1642B},
 adsnote = {Provided by the SAO/NASA Astrophysics Data System},
 doi = {10.1016/j.asr.2010.01.010},
 number = {8},
 pages = {949-978},
 source = {Crossref},
 url = {https://doi.org/10.1016/j.asr.2010.01.010},
 volume = {45},
 publisher = {Elsevier BV},
 issn = {0273-1177},
}

@inproceedings{BILDSTEN00,
 author = {Bildsten, Lars},
 editor = {{S.~S.~Holt \& W.~W.~Zhang}},
 title = {Theory and observations of Type I X-Ray bursts from neutron stars},
 keywords = {X-ray sources (astronomical), neutron stars, nuclear fusion, stellar internal processes, stellar radiation, accretion, stellar rotation, brightness},
 booktitle = {AIP Conference Proceedings},
 year = {2000},
 series = {American Institute of Physics Conference Series},
 volume = {522},
 month = jun,
 pages = {359-369},
 doi = {10.1063/1.1291736},
 adsurl = {http://adsabs.harvard.edu/abs/2000AIPC..522..359B},
 adsnote = {Provided by the SAO/NASA Astrophysics Data System},
 source = {Crossref},
 url = {https://doi.org/10.1063/1.1291736},
 publisher = {AIP},
 issn = {0094-243X},
}

@article{MUNO_ETAL02,
 author = {Muno, Michael P. and Chakrabarty, Deepto and Galloway, Duncan K. and Psaltis, Dimitrios},
 title = {The Frequency Stability of Millisecond Oscillations in Thermonuclear X-Ray Bursts},
 journal = {ApJ},
 eprint = {arXiv:astro-ph/0204320},
 keywords = {Stars: Neutron, X-Rays: Bursts, X-Rays: Stars},
 year = {2002},
 month = dec,
 volume = {580},
 pages = {1048-1059},
 doi = {10.1086/343793},
 adsurl = {http://adsabs.harvard.edu/abs/2002ApJ...580.1048M},
 adsnote = {Provided by the SAO/NASA Astrophysics Data System},
 number = {2},
 source = {Crossref},
 url = {https://doi.org/10.1086/343793},
 publisher = {American Astronomical Society},
 issn = {0004-637X, 1538-4357},
}

@article{BOHM-VITENSE58,
 author = {{B{\"o}hm-Vitense}, E.},
 title = {\"Uber die Wasserstoffkonvektionszone in Sternen verschiedener Effektivtemperaturen und Leuchtkr\"afte. Mit 5 Textabbildungen},
 journal = {Z. Astrophys.},
 year = {1958},
 volume = {46},
 pages = {108-+},
 adsurl = {http://adsabs.harvard.edu/abs/1958ZA.....46..108B},
 adsnote = {Provided by the SAO/NASA Astrophysics Data System},
}

@article{HEGER_ETAL00,
 author = {Heger, A. and Langer, N. and Woosley, S. E.},
 title = {Presupernova Evolution of Rotating Massive Stars. I. Numerical Method and Evolution of the Internal Stellar Structure},
 journal = {ApJ},
 eprint = {arXiv:astro-ph/9904132},
 keywords = {HYDRODYNAMICS, METHODS: NUMERICAL, STARS EARLY-TYPE, STARS: EVOLUTION, STARS: INTERIORS, STARS ROTATION},
 year = {2000},
 month = jan,
 volume = {528},
 pages = {368-396},
 doi = {10.1086/308158},
 adsurl = {http://adsabs.harvard.edu/abs/2000ApJ...528..368H},
 adsnote = {Provided by the SAO/NASA Astrophysics Data System},
 number = {1},
 source = {Crossref},
 url = {https://doi.org/10.1086/308158},
 publisher = {American Astronomical Society},
 issn = {0004-637X, 1538-4357},
}

@article{ARNETT_ETAL09,
 author = {Arnett, David and Meakin, Casey and Young, Patrick A.},
 title = {Convection Theory And Sub-Photospheric Stratification},
 journal = {ApJ},
 archiveprefix = {arXiv},
 eprint = {0910.0821},
 keywords = {Astrophysics - Solar and Stellar Astrophysics},
 year = {2010},
 month = feb,
 adsurl = {http://adsabs.harvard.edu/abs/2009arXiv0910.0821A},
 adsnote = {Provided by the SAO/NASA Astrophysics Data System},
 doi = {10.1088/0004-637x/710/2/1619},
 number = {2},
 pages = {1619-1626},
 source = {Crossref},
 url = {https://doi.org/10.1088/0004-637x/710/2/1619},
 volume = {710},
 publisher = {American Astronomical Society},
 issn = {0004-637X, 1538-4357},
}

@inproceedings{ARNETT_ETAL08,
 author = {Arnett, David and Meakin, Casey and Starrfield, Sumner and Timmes, Frank and Young, Patrick and Guandalini, Roald and Palmerini, Sara and Busso, Maurizio},
 editor = {{R.~Guandalini, S.~Palmerini, \& M.~Busso}},
 title = {Theory and Numerics: New Results on Convection in Stars},
 keywords = {stellar evolution, convection, hydrodynamics, stellar atmospheres, stars},
 booktitle = {AIP Conference Proceedings},
 year = {2008},
 series = {American Institute of Physics Conference Series},
 volume = {1001},
 month = apr,
 pages = {287-294},
 doi = {10.1063/1.2916977},
 adsurl = {http://adsabs.harvard.edu/abs/2008AIPC.1001..287A},
 adsnote = {Provided by the SAO/NASA Astrophysics Data System},
 source = {Crossref},
 url = {https://doi.org/10.1063/1.2916977},
 publisher = {AIP},
 issn = {0094-243X},
}

@article{fryxellwoosley82,
 author = {Fryxell, B. A. and Woosley, S. E.},
 title = {A two-dimensional model for gamma-ray bursts},
 journal = {ApJ},
 keywords = {Gamma Ray Bursts, Magnetohydrodynamic Flow, Neutron Stars, Stellar Mass Accretion, Thermonuclear Reactions, Two Dimensional Models, Detonation Waves, Helium, Hydrogen, Stellar Atmospheres, Stellar Models},
 year = {1982},
 month = jul,
 volume = {258},
 pages = {733},
 doi = {10.1086/160121},
 adsurl = {http://adsabs.harvard.edu/abs/1982ApJ...258..733F},
 adsnote = {Provided by the SAO/NASA Astrophysics Data System},
 source = {Crossref},
 url = {https://doi.org/10.1086/160121},
 publisher = {American Astronomical Society},
 issn = {0004-637X, 1538-4357},
}

@article{FRY_WOOS_PROPAGATION_82,
 author = {Fryxell, B. A. and Woosley, S. E.},
 title = {Finite propagation time in multidimensional thermonuclear runaways},
 journal = {ApJ},
 keywords = {DWARF NOVAE, GAMMA RAY BURSTS, NEUTRON STARS, STELLAR ENVELOPES, THERMONUCLEAR REACTIONS, X RAY SOURCES, HELIUM, PROPAGATION VELOCITY, SURFACE LAYERS, TIME RESPONSE, WHITE DWARF STARS},
 year = {1982},
 month = oct,
 volume = {261},
 pages = {332},
 doi = {10.1086/160344},
 adsurl = {http://adsabs.harvard.edu/abs/1982ApJ...261..332F},
 adsnote = {Provided by the SAO/NASA Astrophysics Data System},
 source = {Crossref},
 url = {https://doi.org/10.1086/160344},
 publisher = {American Astronomical Society},
 issn = {0004-637X, 1538-4357},
}

@article{ZINGALE_ETAL09,
 author = {Zingale, M. and Almgren, A. S. and Bell, J. B. and Nonaka, A. and Woosley, S. E.},
 title = {Low Mach Number Modeling Of Type Ia Supernovae. Iv. White Dwarf Convection},
 journal = {ApJ},
 archiveprefix = {arXiv},
 eprint = {0908.2668},
 keywords = {convection, hydrodynamics, methods: numerical, nuclear reactions, nucleosynthesis, abundances, supernovae: general, white dwarfs},
 year = {2009},
 month = sep,
 volume = {704},
 pages = {196-210},
 doi = {10.1088/0004-637x/704/1/196},
 adsurl = {http://adsabs.harvard.edu/abs/2009ApJ...704..196Z},
 adsnote = {Provided by the SAO/NASA Astrophysics Data System},
 note = {paper IV},
 number = {1},
 source = {Crossref},
 url = {https://doi.org/10.1088/0004-637x/704/1/196},
 publisher = {American Astronomical Society},
 issn = {0004-637X, 1538-4357},
}

@article{CFL,
 author = {Courant, R. and Friedrichs, K. and Lewy, H.},
 title = {?ber die partiellen Differenzengleichungen der mathematischen Physik},
 journal = {Math. Ann.},
 year = {1928},
 volume = {100},
 number = {1},
 pages = {32-74},
 doi = {10.1007/bf01448839},
 source = {Crossref},
 url = {https://doi.org/10.1007/bf01448839},
 publisher = {Springer Science and Business Media LLC},
 issn = {0025-5831, 1432-1807},
 month = dec,
}

@article{Timmes00,
 author = {Timmes, F. X.},
 title = {Physical Properties of Laminar Helium Deflagrations},
 journal = {ApJ},
 keywords = {HYDRODYNAMICS, METHODS: NUMERICAL, NUCLEAR REACTIONS, NUCLEOSYNTHESIS, ABUNDANCES, STARS: INTERIORS, Hydrodynamics, Methods: Numerical, nuclear reactions, nucleosynthesis; abundances, Stars: Interiors},
 year = {2000},
 month = jan,
 volume = {528},
 pages = {913-945},
 doi = {10.1086/308203},
 adsurl = {http://adsabs.harvard.edu/abs/2000ApJ...528..913T},
 adsnote = {Provided by the SAO/NASA Astrophysics Data System},
 number = {2},
 source = {Crossref},
 url = {https://doi.org/10.1086/308203},
 publisher = {American Astronomical Society},
 issn = {0004-637X, 1538-4357},
}

@article{CUMMING_BILDSTEN_00,
 author = {Cumming, Andrew and Bildsten, Lars},
 title = {Rotational Evolution during Type I X-Ray Bursts},
 journal = {ApJ},
 eprint = {arXiv:astro-ph/0004347},
 keywords = {Accretion, Accretion Disks, Nuclear Reactions, Nucleosynthesis, Abundances, Stars: Neutron, Stars: Rotation, X-Rays: Bursts},
 year = {2000},
 month = nov,
 volume = {544},
 pages = {453-474},
 doi = {10.1086/317191},
 adsurl = {http://adsabs.harvard.edu/abs/2000ApJ...544..453C},
 adsnote = {Provided by the SAO/NASA Astrophysics Data System},
 number = {1},
 source = {Crossref},
 url = {https://doi.org/10.1086/317191},
 publisher = {American Astronomical Society},
 issn = {0004-637X, 1538-4357},
}

@article{Kepler,
 author = {Weaver, T. A. and Zimmerman, G. B. and Woosley, S. E.},
 title = {Presupernova evolution of massive stars},
 journal = {ApJ},
 keywords = {ASTRONOMICAL MODELS, NUCLEAR FUSION, STELLAR EVOLUTION, STELLAR MASS, STELLAR STRUCTURE, SUPERNOVAE, ABUNDANCE, GIANT STARS, GRAVITATIONAL COLLAPSE, HYDROSTATICS, SILICON},
 year = {1978},
 month = nov,
 volume = {225},
 pages = {1021},
 doi = {10.1086/156569},
 adsurl = {http://adsabs.harvard.edu/abs/1978ApJ...225.1021W},
 adsnote = {Provided by the SAO/NASA Astrophysics Data System},
 source = {Crossref},
 url = {https://doi.org/10.1086/156569},
 publisher = {American Astronomical Society},
 issn = {0004-637X, 1538-4357},
}

@article{CUMMING_03,
 author = {Cumming, Andrew},
 title = {Models of Type I X-Ray Bursts from 4U 1820\ensuremath{-}30},
 journal = {ApJ},
 eprint = {arXiv:astro-ph/0306245},
 keywords = {Accretion, Accretion Disks, Stars: Individual: Alphanumeric: 4U 1820-30, Stars: Neutron, X-Rays: Bursts},
 year = {2003},
 month = oct,
 volume = {595},
 pages = {1077-1085},
 doi = {10.1086/377446},
 adsurl = {http://adsabs.harvard.edu/abs/2003ApJ...595.1077C},
 adsnote = {Provided by the SAO/NASA Astrophysics Data System},
 number = {2},
 source = {Crossref},
 url = {https://doi.org/10.1086/377446},
 publisher = {American Astronomical Society},
 issn = {0004-637X, 1538-4357},
}

@article{FL87_XRB,
 author = {Fushiki, Ikko and Lamb, D. Q.},
 title = {New insights from a global view of X-ray bursts},
 journal = {ApJ},
 keywords = {NEUTRON STARS, STELLAR MASS ACCRETION, STELLAR TEMPERATURE, X RAY SOURCES, ASTRONOMICAL MODELS, NUCLEAR FUELS, NUCLEAR REACTIONS},
 year = {1987},
 month = dec,
 volume = {323},
 pages = {L55},
 doi = {10.1086/185056},
 adsurl = {http://adsabs.harvard.edu/abs/1987ApJ...323L..55F},
 adsnote = {Provided by the SAO/NASA Astrophysics Data System},
 source = {Crossref},
 url = {https://doi.org/10.1086/185056},
 publisher = {American Astronomical Society},
 issn = {0004-637X, 1538-4357},
}

@article{ppm-hse,
 author = {Zingale, M. and Dursi, L. J. and ZuHone, J. and Calder, A. C. and Fryxell, B. and Plewa, T. and Truran, J. W. and Caceres, A. and Olson, K. and Ricker, P. M. and Riley, K. and Rosner, R. and Siegel, A. and Timmes, F. X. and Vladimirova, N.},
 title = {Mapping Initial Hydrostatic Models in Godunov Codes},
 journal = {Astrophysical Journal Supplement Series, The},
 eprint = {astro-ph/0208031},
 keywords = {Hydrodynamics, Methods: Numerical, Stellar Dynamics},
 year = {2002},
 month = dec,
 volume = {143},
 pages = {539-565},
 doi = {10.1086/342754},
 adsurl = {http://adsabs.harvard.edu/abs/2002ApJS..143..539Z},
 adsnote = {Provided by the SAO/NASA Astrophysics Data System},
 number = {2},
 source = {Crossref},
 url = {https://doi.org/10.1086/342754},
 publisher = {American Astronomical Society},
 issn = {0067-0049, 1538-4365},
}

@article{pember_etal:1998,
 author = {Pember, R. B. and Howell, L. H. and Bell, J. B. and Colella, P. and Crutchfield, W. Y. and Fiveland, W. A. and Jessee, J. P.},
 title = {An Adaptive Projection Method for Unsteady, Low-Mach Number Combustion},
 journal = {Combust. Sci. Technol.},
 year = {1998},
 volume = {140},
 pages = {123-168},
 doi = {10.1080/00102209808915770},
 number = {1-6},
 source = {Crossref},
 url = {https://doi.org/10.1080/00102209808915770},
 publisher = {Informa UK Limited},
 issn = {0010-2202, 1563-521X},
 month = dec,
}

@article{Graboske_etal:1973,
 author = {Graboske, H. C. and Dewitt, H. E. and Grossman, A. S. and Cooper, M. S.},
 title = {Screening Factors for Nuclear Reactions. 11. Intermediate Screen-Ing and Astrophysical Applications},
 journal = {ApJ},
 year = {1973},
 month = apr,
 volume = {181},
 pages = {457},
 doi = {10.1086/152062},
 adsurl = {http://adsabs.harvard.edu/abs/1973ApJ...181..457G},
 adsnote = {Provided by the SAO/NASA Astrophysics Data System},
 source = {Crossref},
 url = {https://doi.org/10.1086/152062},
 publisher = {American Astronomical Society},
 issn = {0004-637X, 1538-4357},
}

@article{Alastuey_Jancovici:1978,
 author = {Alastuey, A. and Jancovici, B.},
 title = {Nuclear reaction rate enhancement in dense stellar matter},
 journal = {ApJ},
 keywords = {ASTROPHYSICS, MAGNETOHYDRODYNAMICS, NUCLEAR ASTROPHYSICS, REACTION KINETICS, THERMONUCLEAR REACTIONS, CORRELATION, NUCLEI (NUCLEAR PHYSICS), PERTURBATION THEORY, POTENTIAL THEORY, QUANTUM MECHANICS},
 year = {1978},
 month = dec,
 volume = {226},
 pages = {1034},
 doi = {10.1086/156681},
 adsurl = {http://adsabs.harvard.edu/abs/1978ApJ...226.1034A},
 adsnote = {Provided by the SAO/NASA Astrophysics Data System},
 source = {Crossref},
 url = {https://doi.org/10.1086/156681},
 publisher = {American Astronomical Society},
 issn = {0004-637X, 1538-4357},
}

@article{ALTAMIRANO_ETAL10,
 author = {Altamirano, D. and Watts, A. and Linares, M. and Markwardt, C. B. and Strohmayer, T. and Patruno, A.},
 title = {Type I X-ray bursts and burst oscillations in the accreting millisecond X-ray pulsar IGR J17511\ensuremath{-}3057},
 journal = {Mon. Not. R. Astron Soc.},
 archiveprefix = {arXiv},
 eprint = {1005.5299},
 keywords = {Astrophysics - High Energy Astrophysical Phenomena},
 year = {2010},
 month = sep,
 adsurl = {http://adsabs.harvard.edu/abs/2010arXiv1005.5299A},
 adsnote = {Provided by the SAO/NASA Astrophysics Data System},
 doi = {10.1111/j.1365-2966.2010.17369.x},
 number = {3},
 pages = {1136-1145},
 source = {Crossref},
 url = {https://doi.org/10.1111/j.1365-2966.2010.17369.x},
 volume = {409},
 publisher = {Oxford University Press (OUP)},
 subtitle = {X-ray bursts from the AMXP IGR J17511-3057},
 issn = {0035-8711},
}

@book{CoxGiuli,
 author = {{Cox}, J. P. and {Giuli}, R. T.},
 editor = {{Cox, J.~P.~\& Giuli, R.~T.}},
 title = {Principles of stellar structure},
 keywords = {STARS: STRUCTURE},
 booktitle = {New York, Gordon and Breach [1968]},
 year = {1968},
 adsurl = {http://adsabs.harvard.edu/abs/1968QB801.C65......},
 adsnote = {Provided by the SAO/NASA Astrophysics Data System},
}

@article{Kesel_Win72,
 author = {Kesel, Philip G. and Winninghoff, Francis J.},
 title = {The Fleet Numerical Weather Central Operational Primitive-Equation Model},
 journal = {Mon. Wea. Rev.},
 volume = {100},
 number = {5},
 pages = {360-373},
 year = {1972},
 doi = {10.1175/1520-0493(1972)100<0360:tfnwco>2.3.co;2},
 url = {https://doi.org/10.1175/1520-0493(1972)100<0360:tfnwco>2.3.co;2},
 eprint = {http://journals.ametsoc.org/doi/pdf/10.1175/1520-0493},
 source = {Crossref},
 publisher = {American Meteorological Society},
 issn = {0027-0644, 1520-0493},
 month = may,
}

@article{Perkey_Kreit76,
 author = {Perkey, Donald J. and Kreitzberg, Carl W.},
 title = {A Time-Dependent Lateral Boundary Scheme for Limited-Area Primitive Equation Models},
 journal = {Mon. Wea. Rev.},
 volume = {104},
 number = {6},
 pages = {744-755},
 year = {1976},
 doi = {10.1175/1520-0493(1976)104<0744:atdlbs>2.0.co;2},
 url = {https://doi.org/10.1175/1520-0493(1976)104<0744:atdlbs>2.0.co;2},
 eprint = {http://journals.ametsoc.org/doi/pdf/10.1175/1520-0493},
 source = {Crossref},
 publisher = {American Meteorological Society},
 issn = {0027-0644, 1520-0493},
 month = jun,
}

@article{Durran_Klemp83,
 author = {Durran, Dale R. and Klemp, Joseph B.},
 title = {A Compressible Model for the Simulation of Moist Mountain Waves},
 journal = {Mon. Wea. Rev.},
 volume = {111},
 number = {12},
 pages = {2341-2361},
 year = {1983},
 doi = {10.1175/1520-0493(1983)111<2341:acmfts>2.0.co;2},
 url = {https://doi.org/10.1175/1520-0493(1983)111<2341:acmfts>2.0.co;2},
 eprint = {http://journals.ametsoc.org/doi/pdf/10.1175/1520-0493},
 source = {Crossref},
 publisher = {American Meteorological Society},
 issn = {0027-0644, 1520-0493},
 month = dec,
}

@article{Chen_etal05,
 author = {Chen, Chih-Chieh and Durran, Dale R. and Hakim, Gregory J.},
 title = {Mountain-Wave Momentum Flux in an Evolving Synoptic-Scale Flow},
 journal = {J. Atmos. Sci.},
 volume = {62},
 number = {9},
 pages = {3213-3231},
 year = {2005},
 doi = {10.1175/jas3543.1},
 url = {https://doi.org/10.1175/jas3543.1},
 eprint = {http://journals.ametsoc.org/doi/pdf/10.1175/JAS3543.1},
 source = {Crossref},
 publisher = {American Meteorological Society},
 issn = {1520-0469, 0022-4928},
 month = sep,
}

@book{Kipp_Weigert,
 author = {Kippenhahn, Rudolf and Weigert, Alfred},
 editor = {{Kippenhahn, R.~\& Weigert, A.}},
 title = {Stellar Structure and Evolution},
 keywords = {SONNE, STERNENTWICKLUNG, STERNAUFBAU, STERNE, STELLAR STRUCTURE, STELLAR EVOLUTION, Sonne, Sternaufbau, Sterne, Sternentwicklung, stars, stellar models, sun},
 booktitle = {Stellar Structure and Evolution, XVI, 468 pp.~192 figs..~ Springer-Verlag Berlin Heidelberg New York.~Also Astronomy and Astrophysics Library},
 year = {1990},
 adsurl = {http://adsabs.harvard.edu/abs/1994sse..book.....K},
 adsnote = {Provided by the SAO/NASA Astrophysics Data System},
 doi = {10.1007/978-3-642-61523-8},
 source = {Crossref},
 url = {https://doi.org/10.1007/978-3-642-61523-8},
 publisher = {Springer Berlin Heidelberg},
 issn = {0941-7834},
 isbn = {9783540580133, 9783642615238},
}

@article{xrb,
 author = {Malone, C. M. and Nonaka, A. and Almgren, A. S. and Bell, J. B. and Zingale, M.},
 title = {MULTIDIMENSIONAL MODELING OF TYPE I X-RAY BURSTS. I. TWO-DIMENSIONAL CONVECTION PRIOR TO THE OUTBURST OF A PURE4He ACCRETOR},
 journal = {ApJ},
 archiveprefix = {arXiv},
 eprint = {1012.0609},
 primaryclass = {astro-ph.HE},
 keywords = {convection, hydrodynamics, methods: numerical, stars: neutron, X-rays: bursts},
 year = {2011},
 month = jan,
 volume = {728},
 eid = {118},
 pages = {118},
 doi = {10.1088/0004-637x/728/2/118},
 adsurl = {http://adsabs.harvard.edu/abs/2011ApJ...728..118M},
 adsnote = {Provided by the SAO/NASA Astrophysics Data System},
 number = {2},
 source = {Crossref},
 url = {https://doi.org/10.1088/0004-637x/728/2/118},
 publisher = {American Astronomical Society},
 issn = {0004-637X, 1538-4357},
}

@article{subchandra,
 author = {Zingale, M. and Nonaka, A. and Almgren, A. S. and Bell, J. B. and Malone, C. M. and Orvedahl, R. J.},
 title = {Low Mach Number Modeling Of Convection In Helium Shells On Sub-Chandrasekhar White Dwarfs. I. Methodology},
 journal = {ApJ},
 archiveprefix = {arXiv},
 eprint = {1212.4380},
 primaryclass = {astro-ph.SR},
 keywords = {convection, hydrodynamics, methods: numerical, nuclear reactions, nucleosynthesis, abundances, supernovae: general, white dwarfs},
 year = {2013},
 month = jan,
 volume = {764},
 eid = {97},
 pages = {97},
 doi = {10.1088/0004-637x/764/1/97},
 adsurl = {http://adsabs.harvard.edu/abs/2013ApJ...764...97Z},
 adsnote = {Provided by the SAO/NASA Astrophysics Data System},
 number = {1},
 source = {Crossref},
 url = {https://doi.org/10.1088/0004-637x/764/1/97},
 publisher = {American Astronomical Society},
 issn = {0004-637X, 1538-4357},
}

@article{wdconvect,
 author = {Zingale, M. and Nonaka, A. and Almgren, A. S. and Bell, J. B. and Malone, C. M. and Woosley, S. E.},
 title = {THE CONVECTIVE PHASE PRECEDING TYPE Ia SUPERNOVAE},
 journal = {ApJ},
 keywords = {convection, hydrodynamics, methods: numerical, nuclear reactions, nucleosynthesis, abundances, supernovae: general, white dwarfs},
 year = {2011},
 month = sep,
 volume = {740},
 eid = {8},
 pages = {8},
 doi = {10.1088/0004-637x/740/1/8},
 adsurl = {http://adsabs.harvard.edu/abs/2011ApJ...740....8Z},
 adsnote = {Provided by the SAO/NASA Astrophysics Data System},
 number = {1},
 source = {Crossref},
 url = {https://doi.org/10.1088/0004-637x/740/1/8},
 publisher = {American Astronomical Society},
 issn = {0004-637X, 1538-4357},
}

@article{wdturb,
 author = {Nonaka, A. and Aspden, A. J. and Zingale, M. and Almgren, A. S. and Bell, J. B. and Woosley, S. E.},
 title = {HIGH-RESOLUTION SIMULATIONS OF CONVECTION PRECEDING IGNITION IN TYPE Ia SUPERNOVAE USING ADAPTIVE MESH REFINEMENT},
 journal = {ApJ},
 archiveprefix = {arXiv},
 eprint = {1111.3086},
 primaryclass = {astro-ph.HE},
 keywords = {convection, hydrodynamics, methods: numerical, nuclear reactions, nucleosynthesis, abundances, supernovae: general, white dwarfs},
 year = {2011},
 month = dec,
 volume = {745},
 eid = {73},
 pages = {73},
 doi = {10.1088/0004-637x/745/1/73},
 adsurl = {http://adsabs.harvard.edu/abs/2012ApJ...745...73N},
 adsnote = {Provided by the SAO/NASA Astrophysics Data System},
 number = {1},
 source = {Crossref},
 url = {https://doi.org/10.1088/0004-637x/745/1/73},
 publisher = {American Astronomical Society},
 issn = {0004-637X, 1538-4357},
}

@article{wallacewoosley:1981,
 author = {Wallace, R. K. and Woosley, S. E.},
 title = {Explosive hydrogen burning},
 journal = {ApJS},
 keywords = {ABUNDANCE, ASTROPHYSICS, HYDROGEN, METALLIC STARS, NUCLEAR FUSION, REACTION KINETICS, STELLAR EVOLUTION, GAMMA RAYS, HIGH TEMPERATURE, ISOTOPES, NEUTRON STARS, NOVAE, RESONANCE, SUPERMASSIVE STARS, X RAY SOURCES},
 year = {1981},
 month = feb,
 volume = {45},
 pages = {389},
 doi = {10.1086/190717},
 adsurl = {http://adsabs.harvard.edu/abs/1981ApJS...45..389W},
 adsnote = {Provided by the SAO/NASA Astrophysics Data System},
 source = {Crossref},
 url = {https://doi.org/10.1086/190717},
 publisher = {American Astronomical Society},
 issn = {0067-0049, 1538-4365},
}

@article{lewin81,
 author = {Lewin, Walter H. G. and Joss, Paul C.},
 title = {X-ray bursters and the x-ray sources of the galactic bulge},
 journal = {Space Sci. Rev.},
 year = {1981},
 volume = {28},
 pages = {3-87},
 doi = {10.1007/bf00353555},
 number = {1},
 source = {Crossref},
 url = {https://doi.org/10.1007/bf00353555},
 publisher = {Springer Science and Business Media LLC},
 issn = {0038-6308, 1572-9672},
}

@article{lewin93,
 author = {Lewin, Walter H. G. and Van Paradijs, Jan and Taam, Ronald E.},
 title = {X-ray bursts},
 journal = {Space Sci Rev},
 year = {1993},
 volume = {62},
 pages = {223-389},
 doi = {10.1007/bf00196124},
 number = {3-4},
 source = {Crossref},
 url = {https://doi.org/10.1007/bf00196124},
 publisher = {Springer Science and Business Media LLC},
 issn = {0038-6308, 1572-9672},
 month = sep,
}

@inproceedings{strohmayerbildsten2003,
 author = {Strohmayer, Tod E.},
 editor = {{Lewin}, W. H. G. and {van der Klis}, M.},
 title = {Oscillations during thermonuclear X-ray bursts: A new probe of neutron stars},
 booktitle = {AIP Conference Proceedings},
 address = {Cambridge},
 publisher = {AIP},
 year = {2001},
 doi = {10.1063/1.1434650},
 source = {Crossref},
 url = {https://doi.org/10.1063/1.1434650},
 issn = {0094-243X},
}

@article{fujimoto1981,
 author = {Fujimoto, M. Y. and Hanawa, T. and Miyaji, S.},
 title = {Shell flashes on accreting neutron stars and X-ray bursts},
 journal = {ApJ},
 keywords = {NEUTRON STARS, NUCLEAR REACTIONS, STELLAR MASS ACCRETION, STELLAR RADIATION, THERMAL STABILITY, X RAY SOURCES, CARBON, HELIUM, HYDROGEN, NITROG EN, OXYGEN},
 year = {1981},
 volume = {247},
 pages = {267},
 doi = {10.1086/159034},
 adsurl = {http://adsabs.harvard.edu/abs/1981ApJ...247..267F},
 adsnote = {Provided by the SAO/NASA Astrophysics Data System},
 source = {Crossref},
 url = {https://doi.org/10.1086/159034},
 publisher = {American Astronomical Society},
 issn = {0004-637X, 1538-4357},
 month = jul,
}

@article{rpprocess,
 author = {Schatz, H. and Aprahamian, A. and Barnard, V. and Bildsten, L. and Cumming, A. and Ouellette, M. and Rauscher, T. and Thielemann, F.-K. and Wiescher, M.},
 title = {End Point of therpProcess on Accreting Neutron Stars},
 journal = {Phys. Rev. Lett.},
 eprint = {arXiv:astro-ph/0102418},
 year = {2001},
 month = apr,
 volume = {86},
 pages = {3471-3474},
 doi = {10.1103/physrevlett.86.3471},
 adsurl = {http://adsabs.harvard.edu/abs/2001PhRvL..86.3471S},
 adsnote = {Provided by the SAO/NASA Astrophysics Data System},
 number = {16},
 source = {Crossref},
 url = {https://doi.org/10.1103/physrevlett.86.3471},
 publisher = {American Physical Society (APS)},
 issn = {0031-9007, 1079-7114},
}

@article{taam1980,
 author = {Taam, R. E.},
 title = {X-ray bursts from thermonuclear runaways on accreting neutron stars},
 journal = {ApJ},
 keywords = {NEUTRON STARS, NUCLEAR FUSION, STELLAR ENVELOPES, STELLAR MASS ACCRETION, X RAY SOURCES, ABU NDANCE, CYANO COMPOUNDS, STELLAR EVOLUTION, STELLAR LUMINOSITY, STELLAR TEMPERATURE},
 year = {1980},
 volume = {241},
 pages = {358},
 doi = {10.1086/158348},
 adsurl = {http://adsabs.harvard.edu/abs/1980ApJ...241..358T},
 adsnote = {Provided by the SAO/NASA Astrophysics Data System},
 source = {Crossref},
 url = {https://doi.org/10.1086/158348},
 publisher = {American Astronomical Society},
 issn = {0004-637X, 1538-4357},
 month = oct,
}

@article{taamwoosleylamb1996,
 author = {Taam, Ronald E. and Woosley, S. E. and Lamb, D. Q.},
 title = {The Effect of Deep Hydrogen Burning in the Accreted Envelope of a Neutron Star on the Properties of X-Ray Bursts},
 journal = {ApJ},
 keywords = {NUCLEAR REACTIONS, NUCLEOSYNTHESIS, ABUNDANCES, STARS: INTERIORS, STARS: NEUTRON, X-RAYS: BU RSTS},
 year = {1996},
 volume = {459},
 pages = {271},
 doi = {10.1086/176890},
 adsurl = {http://adsabs.harvard.edu/abs/1996ApJ...459..271T},
 adsnote = {Provided by the SAO/NASA Astrophysics Data System},
 source = {Crossref},
 url = {https://doi.org/10.1086/176890},
 publisher = {American Astronomical Society},
 issn = {0004-637X, 1538-4357},
 month = mar,
}

@article{woosley-xrb,
 author = {Woosley, S. E. and Heger, A. and Cumming, A. and Hoffman, R. D. and Pruet, J. and Rauscher, T. and Fisker, J. L. and Schatz, H. and Brown, B. A. and Wiescher, M.},
 title = {Models for Type I X-Ray Bursts with Improved Nuclear Physics},
 journal = {ASTROPHYS J SUPPL S},
 keywords = {Nuclear Reactions, Nucleosynthesis, Abundances, Stars: Neutron, X-Rays: Bursts},
 year = {2004},
 volume = {151},
 pages = {75-102},
 doi = {10.1086/381533},
 adsurl = {http://adsabs.harvard.edu/abs/2004ApJS..151...75W},
 adsnote = {Provided by the SAO/NASA Astrophysics Data System},
 number = {1},
 source = {Crossref},
 url = {https://doi.org/10.1086/381533},
 publisher = {American Astronomical Society},
 issn = {0067-0049, 1538-4365},
 month = mar,
}

@article{schatz:rp1999,
 author = {Schatz, Hendrik and Bildsten, Lars and Cumming, Andrew and Wiescher, Michael},
 title = {The Rapid Proton Process Ashes from Stable Nuclear Burning on an Accreting Neutron Star},
 journal = {ApJ},
 eprint = {arXiv:astro-ph/9905274},
 keywords = {ACCRETION, ACCRETION DISKS, NUCLEAR REACTIONS, NUCLEOSYNTHESIS, ABUNDANCES, STARS: NEUTRON, X-RAYS: BURSTS},
 year = {1999},
 volume = {524},
 pages = {1014-1029},
 doi = {10.1086/307837},
 adsurl = {http://adsabs.harvard.edu/abs/1999ApJ...524.1014S},
 adsnote = {Provided by the SAO/NASA Astrophysics Data System},
 number = {2},
 source = {Crossref},
 url = {https://doi.org/10.1086/307837},
 publisher = {American Astronomical Society},
 issn = {0004-637X, 1538-4357},
 month = oct,
}

@book{KipWei,
 author = {Kippenhahn, Rudolf and Weigert, Alfred},
 title = {Stellar Structure and Evolution},
 publisher = {Springer Berlin Heidelberg},
 year = {1990},
 doi = {10.1007/978-3-642-61523-8},
 source = {Crossref},
 url = {https://doi.org/10.1007/978-3-642-61523-8},
 issn = {0941-7834},
 isbn = {9783540580133, 9783642615238},
}

@article{cavecchi:2013,
 author = {Cavecchi, Yuri and Watts, Anna L. and Braithwaite, Jonathan and Levin, Yuri},
 title = {Flame propagation on the surfaces of rapidly rotating neutron stars during Type I X-ray bursts},
 journal = {Mon. Not. R. Astron Soc.},
 archiveprefix = {arXiv},
 eprint = {1212.2872},
 primaryclass = {astro-ph.HE},
 keywords = {hydrodynamics, methods: numerical, stars: neutron, X-rays: bursts},
 year = {2013},
 month = aug,
 volume = {434},
 pages = {3526-3541},
 doi = {10.1093/mnras/stt1273},
 adsurl = {http://adsabs.harvard.edu/abs/2013MNRAS.434.3526C},
 adsnote = {Provided by the SAO/NASA Astrophysics Data System},
 number = {4},
 source = {Crossref},
 url = {https://doi.org/10.1093/mnras/stt1273},
 publisher = {Oxford University Press (OUP)},
 issn = {0035-8711, 1365-2966},
}

@article{art-2015-cavecchi-etal,
 author = {Cavecchi, Yuri and Watts, Anna L. and Levin, Yuri and Braithwaite, Jonathan},
 title = {Rotational effects in thermonuclear type I bursts: Equatorial crossing and directionality of flame spreading},
 journal = {Mon. Not. R. Astron Soc.},
 archiveprefix = {arXiv},
 eprint = {1411.2284},
 primaryclass = {astro-ph.HE},
 keywords = {hydrodynamics, methods: numerical, stars: neutron, X-rays: bursts},
 year = {2015},
 month = feb,
 volume = {448},
 pages = {445-455},
 doi = {10.1093/mnras/stu2764},
 adsurl = {http://adsabs.harvard.edu/abs/2015MNRAS.448..445C},
 adsnote = {Provided by the SAO/NASA Astrophysics Data System},
 number = {1},
 source = {Crossref},
 url = {https://doi.org/10.1093/mnras/stu2764},
 publisher = {Oxford University Press (OUP)},
 issn = {1365-2966, 0035-8711},
}

@article{art-2016-cavecchi-etal,
 author = {Cavecchi, Yuri and Levin, Yuri and Watts, Anna L. and Braithwaite, Jonathan},
 title = {Fast and slow magnetic deflagration fronts in type I X-ray bursts},
 journal = {Mon. Not. R. Astron. Soc.},
 archiveprefix = {arXiv},
 eprint = {1509.02497},
 primaryclass = {astro-ph.HE},
 keywords = {MHD, methods: analytical, methods: numerical, stars: neutron, X-rays: bursts, X-rays: individual: IGR J17480-2446},
 year = {2016},
 month = mar,
 volume = {459},
 pages = {1259-1275},
 doi = {10.1093/mnras/stw728},
 adsurl = {http://adsabs.harvard.edu/abs/2016MNRAS.459.1259C},
 adsnote = {Provided by the SAO/NASA Astrophysics Data System},
 number = {2},
 source = {Crossref},
 url = {https://doi.org/10.1093/mnras/stw728},
 publisher = {Oxford University Press (OUP)},
 issn = {0035-8711, 1365-2966},
}

@article{Cavecchi2017,
 author = {Cavecchi, Yuri and Watts, Anna L. and Galloway, Duncan K.},
 doi = {10.3847/1538-4357/aa9897},
 issn = {1538-4357},
 journal = {ApJ},
 keywords = {abundances,analytical,bursts,methods,methods: analytical,nuclear reactions,nucleosynthe,neutron,nuclear reactions,nucleosynthesis,stars,x-rays},
 pages = {1},
 publisher = {American Astronomical Society},
 title = {On the Dependence of the X-Ray Burst Rate on Accretion and Spin Rate},
 url = {https://doi.org/10.3847/1538-4357/aa9897},
 volume = {851},
 year = {2017},
 number = {1},
 source = {Crossref},
 month = dec,
}

@article{Cavecchi2019,
 author = {Cavecchi, Yuri and Spitkovsky, Anatoly},
 doi = {10.3847/1538-4357/ab3650},
 issn = {0004-637X, 1538-4357},
 journal = {ApJ},
 keywords = {bursts,hydrodynamics,hydrodynamics,instabilities,methods: numerical,sta,instabilities,methods,neutron,numerical,stars,x-rays},
 number = {2},
 pages = {142},
 publisher = {American Astronomical Society},
 title = {Three-dimensional Instability of Flame Fronts in Type I X-Ray Bursts},
 url = {https://doi.org/10.3847/1538-4357/ab3650},
 volume = {882},
 year = {2019},
 source = {Crossref},
 month = sep,
}

@article{kleinpauluis,
 author = {Klein, Rupert and Pauluis, Olivier},
 title = {Thermodynamic Consistency of a Pseudoincompressible Approximation for General Equations of State},
 journal = {J. Atmos. Sci.},
 year = {2012},
 month = mar,
 volume = {69},
 pages = {961-968},
 doi = {10.1175/jas-d-11-0110.1},
 adsurl = {http://adsabs.harvard.edu/abs/2012JAtS...69..961K},
 adsnote = {Provided by the SAO/NASA Astrophysics Data System},
 number = {3},
 source = {Crossref},
 url = {https://doi.org/10.1175/jas-d-11-0110.1},
 publisher = {American Meteorological Society},
 issn = {0022-4928, 1520-0469},
}

@article{vasil:2013,
 author = {{Vasil}, G. M. and {Lecoanet}, D. and {Brown}, B. P. and {Wood}, T. S. and {Zweibel}, E. G.},
 title = {Energy conservation and gravity waves in sound-proof treatments of stellar interiors: Part II Lagrangian constrained analysis},
 journal = {ArXiv e-prints},
 archiveprefix = {arXiv},
 eprint = {1303.0005},
 primaryclass = {astro-ph.SR},
 keywords = {Astrophysics - Solar and Stellar Astrophysics, Astrophysics - Earth and Planetary Astrophysics, Physics - Atmospheric and Oceanic Physics, Physics - Fluid Dynamics},
 year = {2013},
 month = feb,
 adsurl = {http://adsabs.harvard.edu/abs/2013arXiv1303.0005V},
 adsnote = {Provided by the SAO/NASA Astrophysics Data System},
}

@article{simonenko:2012,
 author = {Simonenko, V. A. and Gryaznykh, D. A. and Litvinenko, I. A. and Lykov, V. A. and Shushlebin, A. N.},
 title = {Mechanism of thermonuclear burning propagation in a helium layer on a neutron star surface: A refined model with heat conduction and subgrid turbulence},
 journal = {Astron. Lett.},
 keywords = {X-ray bursts, thermonuclear burning, numerical simulations},
 year = {2012},
 month = may,
 volume = {38},
 pages = {305-320},
 doi = {10.1134/s1063773712050088},
 adsurl = {http://adsabs.harvard.edu/abs/2012AstL...38..305S},
 adsnote = {Provided by the SAO/NASA Astrophysics Data System},
 number = {5},
 source = {Crossref},
 url = {https://doi.org/10.1134/s1063773712050088},
 publisher = {Pleiades Publishing Ltd},
 issn = {1063-7737, 1562-6873},
}

@article{maestroenergy,
 author = {{Almgren}, A. S. and {Bell}, J. B. and {Nonaka}, A. and {Zingale}, M.},
 title = {On New Low Mach Number Equations for Stratified Flows},
 year = {2013},
 note = {to be submitted to ApJ},
}

@article{fisker:2008,
 author = {Fisker, Jacob Lund and Schatz, Hendrik and Thielemann, FriedrichâKarl},
 title = {Explosive Hydrogen Burning during Type I X-Ray Bursts},
 journal = {ASTROPHYS J SUPPL S},
 keywords = {Nuclear Reactions, Nucleosynthesis, Abundances, Stars: Neutron, X-Rays: Bursts},
 year = {2008},
 month = jan,
 volume = {174},
 pages = {261-276},
 doi = {10.1086/521104},
 adsurl = {http://adsabs.harvard.edu/abs/2008ApJS..174..261F},
 adsnote = {Provided by the SAO/NASA Astrophysics Data System},
 number = {1},
 source = {Crossref},
 url = {https://doi.org/10.1086/521104},
 publisher = {American Astronomical Society},
 issn = {0067-0049, 1538-4365},
}

@article{parikh:2013,
 author = {Parikh, A. and JosÃ©, J. and Sala, G. and Iliadis, C.},
 title = {Nucleosynthesis in type I X-ray bursts},
 journal = {Prog. Part. Nucl. Phys.},
 archiveprefix = {arXiv},
 eprint = {1211.5900},
 primaryclass = {astro-ph.SR},
 year = {2013},
 month = mar,
 volume = {69},
 pages = {225-253},
 doi = {10.1016/j.ppnp.2012.11.002},
 adsurl = {http://adsabs.harvard.edu/abs/2013PrPNP..69..225P},
 adsnote = {Provided by the SAO/NASA Astrophysics Data System},
 source = {Crossref},
 url = {https://doi.org/10.1016/j.ppnp.2012.11.002},
 publisher = {Elsevier BV},
 issn = {0146-6410},
}

@article{jose:2010,
 author = {JosÃ©, Jordi and Moreno, FermÃ­n and Parikh, Anuj and Iliadis, Christian},
 title = {Hydrodynamic Models Of Type I X-Ray Bursts: Metallicity Effects},
 journal = {ApJS},
 archiveprefix = {arXiv},
 eprint = {1005.4767},
 primaryclass = {astro-ph.SR},
 keywords = {hydrodynamics, nuclear reactions, nucleosynthesis, abundances, stars: neutron, X-rays: bursts},
 year = {2010},
 month = jun,
 volume = {189},
 pages = {204-239},
 doi = {10.1088/0067-0049/189/1/204},
 adsurl = {http://adsabs.harvard.edu/abs/2010ApJS..189..204J},
 adsnote = {Provided by the SAO/NASA Astrophysics Data System},
 number = {1},
 source = {Crossref},
 url = {https://doi.org/10.1088/0067-0049/189/1/204},
 publisher = {American Astronomical Society},
 issn = {0067-0049, 1538-4365},
}

@article{meakin:2007,
 author = {Meakin, Casey A. and Arnett, David},
 title = {Turbulent Convection in Stellar Interiors. I. Hydrodynamic Simulation},
 journal = {ApJ},
 eprint = {astro-ph/0611315},
 keywords = {Hydrodynamics, Instabilities, Nuclear Reactions, Nucleosynthesis, Abundances, Stars: Evolution, Stars: General, Stars: Interiors, Stars: Supernovae: General, Turbulence, Waves},
 year = {2007},
 month = sep,
 volume = {667},
 pages = {448-475},
 doi = {10.1086/520318},
 adsurl = {http://adsabs.harvard.edu/abs/2007ApJ...667..448M},
 adsnote = {Provided by the SAO/NASA Astrophysics Data System},
 number = {1},
 source = {Crossref},
 url = {https://doi.org/10.1086/520318},
 publisher = {American Astronomical Society},
 issn = {0004-637X, 1538-4357},
}

@article{arnett:2009,
 author = {Arnett, David and Meakin, Casey and Young, Patrick A.},
 title = {Turbulent Convection In Stellar Interiors. Ii. The Velocity Field},
 journal = {ApJ},
 archiveprefix = {arXiv},
 eprint = {0809.1625},
 keywords = {convection, hydrodynamics, stars: evolution, turbulence},
 year = {2008},
 month = dec,
 volume = {690},
 pages = {1715-1729},
 doi = {10.1088/0004-637x/690/2/1715},
 adsurl = {http://adsabs.harvard.edu/abs/2009ApJ...690.1715A},
 adsnote = {Provided by the SAO/NASA Astrophysics Data System},
 number = {2},
 source = {Crossref},
 url = {https://doi.org/10.1088/0004-637x/690/2/1715},
 publisher = {American Astronomical Society},
 issn = {0004-637X, 1538-4357},
}

@article{intZand:2010,
 author = {in 't Zand, J. J. M. and Weinberg, N. N.},
 title = {Evidence of heavy-element ashes in thermonuclear X-ray bursts with photospheric superexpansion},
 journal = {A A},
 archiveprefix = {arXiv},
 eprint = {1001.0900},
 primaryclass = {astro-ph.HE},
 keywords = {X-rays: binaries, nuclear reactions, nucleosynthesis, abundances, stars: neutron, radiative transfer, X-rays: general},
 year = {2010},
 month = sep,
 volume = {520},
 pages = {A81},
 doi = {10.1051/0004-6361/200913952},
 adsurl = {http://adsabs.harvard.edu/abs/2010A},
 adsnote = {Provided by the SAO/NASA Astrophysics Data System},
 source = {Crossref},
 url = {https://doi.org/10.1051/0004-6361/200913952},
 publisher = {EDP Sciences},
 issn = {0004-6361, 1432-0746},
}

@article{bhattacharyya:2010,
 author = {Bhattacharyya, Sudip and Miller, M. Coleman and Galloway, Duncan K.},
 title = {Systematic variation in the apparent burning area of thermonuclear bursts and its implication for neutron star radius measurement},
 journal = {Mon. Not. R. Astron Soc.},
 archiveprefix = {arXiv},
 eprint = {0908.4245},
 primaryclass = {astro-ph.HE},
 keywords = {nuclear reactions, nucleosynthesis, abundances, stars: fundamental parameters, stars: neutron, X-rays: binaries, X-rays: bursts},
 year = {2010},
 month = jan,
 volume = {401},
 pages = {2-6},
 doi = {10.1111/j.1365-2966.2009.15632.x},
 adsurl = {http://adsabs.harvard.edu/abs/2010MNRAS.401....2B},
 adsnote = {Provided by the SAO/NASA Astrophysics Data System},
 number = {1},
 source = {Crossref},
 url = {https://doi.org/10.1111/j.1365-2966.2009.15632.x},
 publisher = {Oxford University Press (OUP)},
 issn = {0035-8711, 1365-2966},
}

@article{vode,
 author = {Brown, Peter N. and Byrne, George D. and Hindmarsh, Alan C.},
 title = {VODE: A Variable-Coefficient ODE Solver},
 journal = {SIAM J. Sci. and Stat. Comput.},
 volume = {10},
 pages = {1038-1051},
 year = {1989},
 doi = {10.1137/0910062},
 number = {5},
 source = {Crossref},
 url = {https://doi.org/10.1137/0910062},
 publisher = {Society for Industrial Applied Mathematics (SIAM)},
 issn = {0196-5204, 2168-3417},
 month = sep,
}

@article{intZand2011,
 author = {{in 't Zand}, J.},
 title = {X-ray bursts and superbursts - recent developments},
 journal = {ArXiv e-prints},
 archiveprefix = {arXiv},
 eprint = {1102.3345},
 primaryclass = {astro-ph.HE},
 keywords = {Astrophysics - High Energy Astrophysical Phenomena},
 year = {2011},
 month = feb,
 adsurl = {http://adsabs.harvard.edu/abs/2011arXiv1102.3345I},
 adsnote = {Provided by the SAO/NASA Astrophysics Data System},
}

@article{parikh:2014,
 author = {Parikh, A. and JosÃ©, J. and Sala, G.},
 title = {Classical novae and type I X-ray bursts: Challenges for the 21st century},
 journal = {AIP Adv.},
 archiveprefix = {arXiv},
 eprint = {1401.5279},
 primaryclass = {astro-ph.SR},
 keywords = {Astrophysics - Solar and Stellar Astrophysics},
 year = {2014},
 month = apr,
 adsurl = {http://adsabs.harvard.edu/abs/2014arXiv1401.5279P},
 adsnote = {Provided by the SAO/NASA Astrophysics Data System},
 doi = {10.1063/1.4863946},
 number = {4},
 pages = {041002},
 source = {Crossref},
 url = {https://doi.org/10.1063/1.4863946},
 volume = {4},
 publisher = {AIP Publishing},
 issn = {2158-3226},
}

@article{galloway:2008,
 author = {Galloway, Duncan K. and Muno, Michael P. and Hartman, Jacob M. and Psaltis, Dimitrios and Chakrabarty, Deepto},
 title = {Thermonuclear (Type I) X-Ray Bursts Observed by theRossi X-Ray Timing Explorer},
 journal = {Astrophysical Journal Supplement Series, The},
 eprint = {astro-ph/0608259},
 keywords = {Nuclear Reactions, Nucleosynthesis, Abundances, Stars: Distances, Stars: Neutron, X-Rays: Bursts},
 year = {2008},
 month = dec,
 volume = {179},
 pages = {360-422},
 doi = {10.1086/592044},
 adsurl = {http://adsabs.harvard.edu/abs/2008ApJS..179..360G},
 adsnote = {Provided by the SAO/NASA Astrophysics Data System},
 number = {2},
 source = {Crossref},
 url = {https://doi.org/10.1086/592044},
 publisher = {American Astronomical Society},
 issn = {0067-0049, 1538-4365},
}

@article{xrb2,
 author = {Malone, C. M. and Zingale, M. and Nonaka, A. and Almgren, A. S. and Bell, J. B.},
 title = {MULTIDIMENSIONAL MODELING OF TYPE I X-RAY BURSTS. II. TWO-DIMENSIONAL CONVECTION IN A MIXED H/He ACCRETOR},
 journal = {ApJ},
 keywords = {convection, hydrodynamics, methods: numerical, stars: neutron, X-rays: bursts},
 year = {2014},
 month = may,
 volume = {788},
 eid = {115},
 pages = {115},
 doi = {10.1088/0004-637x/788/2/115},
 adsurl = {http://adsabs.harvard.edu/abs/2014ApJ...788..115M},
 adsnote = {Provided by the SAO/NASA Astrophysics Data System},
 number = {2},
 source = {Crossref},
 url = {https://doi.org/10.1088/0004-637x/788/2/115},
 publisher = {American Astronomical Society},
 issn = {0004-637X, 1538-4357},
}

@article{yt,
 author = {Turk, Matthew J. and Smith, Britton D. and Oishi, Jeffrey S. and Skory, Stephen and Skillman, Samuel W. and Abel, Tom and Norman, Michael L.},
 title = {yt: A MULTI-CODE ANALYSIS TOOLKIT FOR ASTROPHYSICAL SIMULATION DATA},
 journal = {ApJS},
 archiveprefix = {arXiv},
 eprint = {1011.3514},
 primaryclass = {astro-ph.IM},
 keywords = {cosmology: theory, methods: data analysis, methods: numerical},
 year = {2010},
 month = dec,
 volume = {192},
 eid = {9},
 pages = {9},
 doi = {10.1088/0067-0049/192/1/9},
 adsurl = {http://adsabs.harvard.edu/abs/2011ApJS..192....9T},
 adsnote = {Provided by the SAO/NASA Astrophysics Data System},
 number = {1},
 source = {Crossref},
 url = {https://doi.org/10.1088/0067-0049/192/1/9},
 publisher = {American Astronomical Society},
 issn = {0067-0049, 1538-4365},
}

@article{steiner:2010,
 author = {Steiner, Andrew W. and Lattimer, James M. and Brown, Edward F.},
 title = {The Equation Of State From Observed Masses And Radii Of Neutron Stars},
 journal = {ApJ},
 archiveprefix = {arXiv},
 eprint = {1005.0811},
 primaryclass = {astro-ph.HE},
 keywords = {dense matter, stars: neutron, X-rays: binaries, X-rays: bursts},
 year = {2010},
 month = sep,
 volume = {722},
 pages = {33-54},
 doi = {10.1088/0004-637x/722/1/33},
 adsurl = {http://adsabs.harvard.edu/abs/2010ApJ...722...33S},
 adsnote = {Provided by the SAO/NASA Astrophysics Data System},
 number = {1},
 source = {Crossref},
 url = {https://doi.org/10.1088/0004-637x/722/1/33},
 publisher = {American Astronomical Society},
 issn = {0004-637X, 1538-4357},
}

@article{ozel:2010,
 author = {Ãzel, Feryal and Baym, Gordon and GÃ¼ver, Tolga},
 title = {Astrophysical measurement of the equation of state of neutron star matter},
 journal = {Phys. Rev. D},
 archiveprefix = {arXiv},
 eprint = {1002.3153},
 primaryclass = {astro-ph.HE},
 keywords = {Neutron stars, Nuclear matter, Equations of state of neutron-star matter},
 year = {2010},
 month = nov,
 volume = {82},
 number = {10},
 eid = {101301},
 pages = {101301},
 doi = {10.1103/physrevd.82.101301},
 adsurl = {http://adsabs.harvard.edu/abs/2010PhRvD..82j1301O},
 adsnote = {Provided by the SAO/NASA Astrophysics Data System},
 source = {Crossref},
 url = {https://doi.org/10.1103/physrevd.82.101301},
 publisher = {American Physical Society (APS)},
 issn = {1550-7998, 1550-2368},
}

@article{SciDac2005,
 author = {Zingale, M and Woosley, S E and Bell, J B and Day, M S and Rendleman, C A},
 title = {The physics of flames in Type Ia supernovae},
 journal = {J. Phys.: Conf. Ser.},
 eprint = {astro-ph/0507040},
 year = {2005},
 month = jan,
 volume = {16},
 pages = {405-409},
 doi = {10.1088/1742-6596/16/1/056},
 adsurl = {http://adsabs.harvard.edu/abs/2005JPhCS..16..405Z},
 adsnote = {Provided by the SAO/NASA Astrophysics Data System},
 source = {Crossref},
 url = {https://doi.org/10.1088/1742-6596/16/1/056},
 publisher = {IOP Publishing},
 issn = {1742-6588, 1742-6596},
}

@article{NK:1997,
 author = {Niemeyer, J.C. and Kerstein, A.R.},
 title = {Burning regimes of nuclear flames in SN Ia explosions},
 journal = {New Astron.},
 year = {1997},
 month = aug,
 volume = {2},
 pages = {239-244},
 doi = {10.1016/s1384-1076(97)00017-1},
 adsurl = {http://adsabs.harvard.edu/abs/1997NewA....2..239N},
 adsnote = {Provided by the SAO/NASA Astrophysics Data System},
 number = {3},
 source = {Crossref},
 url = {https://doi.org/10.1016/s1384-1076(97)00017-1},
 publisher = {Elsevier BV},
 issn = {1384-1076},
}

@article{ms_cc,
 author = {Gilet, C. and Almgren, A. S. and Bell, J. B. and Nonaka, A. and Woosley, S. E. and Zingale, M.},
 title = {Low Mach Number Modeling Of Core Convection In Massive Stars},
 journal = {ApJ},
 keywords = {convection, hydrodynamics, methods: numerical, stars: interiors, turbulence},
 year = {2013},
 month = aug,
 volume = {773},
 eid = {137},
 pages = {137},
 doi = {10.1088/0004-637x/773/2/137},
 adsurl = {http://adsabs.harvard.edu/abs/2013ApJ...773..137G},
 adsnote = {Provided by the SAO/NASA Astrophysics Data System},
 number = {2},
 source = {Crossref},
 url = {https://doi.org/10.1088/0004-637x/773/2/137},
 publisher = {American Astronomical Society},
 issn = {0004-637X, 1538-4357},
}

@article{Fleck96,
 author = {Fleck, Robert C., Jr.},
 title = {Scaling Relations for the Turbulent, Non{\textendash}Self-gravitating, Neutral Component of the Interstellar Medium},
 journal = {ApJ},
 keywords = {HYDRODYNAMICS, ISM: CLOUDS, MAGNETOHYDRODYNAMICS: MHD, TURBULENCE},
 year = {1996},
 month = feb,
 volume = {458},
 pages = {739},
 doi = {10.1086/176853},
 adsurl = {http://adsabs.harvard.edu/abs/1996ApJ...458..739F},
 adsnote = {Provided by the SAO/NASA Astrophysics Data System},
 source = {Crossref},
 url = {https://doi.org/10.1086/176853},
 publisher = {American Astronomical Society},
 issn = {0004-637X, 1538-4357},
}

@article{Fleck83,
 author = {Fleck, R. C., Jr.},
 title = {A note on compressibility and energy cascade in turbulent molecular clouds},
 journal = {ApJ},
 keywords = {COMPRESSIBILITY EFFECTS, INTERSTELLAR MATTER, MAGNETOHYDRODYNAMIC TURBULENCE, MOLECULAR CLOUDS, ENERGY TRANSFER, KOLMOGOROFF THEORY, SCALING LAWS, VELOCITY DISTRIBUTION},
 year = {1983},
 month = sep,
 volume = {272},
 pages = {L45},
 doi = {10.1086/184114},
 adsurl = {http://adsabs.harvard.edu/abs/1983ApJ...272L..45F},
 adsnote = {Provided by the SAO/NASA Astrophysics Data System},
 source = {Crossref},
 url = {https://doi.org/10.1086/184114},
 publisher = {American Astronomical Society},
 issn = {0004-637X, 1538-4357},
}

@article{kercek,
 author = {{Kercek}, A. and {Hillebrandt}, W. and {Truran}, J. W.},
 title = {Two-dimensional simulations of the thermonuclear runaway in an accreted atmosphere of a C+O White Dwarf},
 journal = {},
 eprint = {astro-ph/9801054},
 keywords = {STARS: NOVAE, CATACLYSMIC VARIABLES, STARS: WHITE DWARFS, CONVECTION, HYDRODYNAMICS, NUCLEAR REACTIONS, NUCLEOSYNTHESIS, ABUNDANCES},
 year = {1998},
 month = sep,
 volume = {337},
 pages = {379-392},
 adsurl = {http://adsabs.harvard.edu/abs/1998A},
 adsnote = {Provided by the SAO/NASA Astrophysics Data System},
}

@article{kercek2,
 author = {{Kercek}, A. and {Hillebrandt}, W. and {Truran}, J. W.},
 title = {Three-dimensional simulations of classical novae},
 journal = {},
 eprint = {astro-ph/9811259},
 keywords = {STARS: NOVAE, CATACLYSMIC VARIABLES, STARS: WHITE DWARFS, CONVECTION, HYDRODYNAMICS, NUCLEAR REACTIONS, NUCLEOSYNTHESIS, ABUNDANCES},
 year = {1999},
 month = may,
 volume = {345},
 pages = {831-840},
 adsurl = {http://adsabs.harvard.edu/abs/1999A},
 adsnote = {Provided by the SAO/NASA Astrophysics Data System},
}

@article{Kraichnan67,
 author = {Kraichnan, Robert H.},
 title = {Inertial Ranges in Two-Dimensional Turbulence},
 journal = {Phys. Fluids},
 year = {1967},
 month = jul,
 volume = {10},
 pages = {1417},
 doi = {10.1063/1.1762301},
 number = {7},
 source = {Crossref},
 url = {https://doi.org/10.1063/1.1762301},
 publisher = {AIP Publishing},
 issn = {0031-9171},
}

@article{Leith68,
 author = {Leith, C. E.},
 title = {Diffusion Approximation for Two-Dimensional Turbulence},
 journal = {Phys. Fluids},
 year = {1968},
 month = mar,
 volume = {11},
 pages = {671},
 doi = {10.1063/1.1691968},
 number = {3},
 source = {Crossref},
 url = {https://doi.org/10.1063/1.1691968},
 publisher = {AIP Publishing},
 issn = {0031-9171},
}

@article{Batchelor69,
 author = {Batchelor, G. K.},
 title = {Computation of the Energy Spectrum in Homogeneous Two-Dimensional Turbulence},
 journal = {Phys. Fluids},
 year = {1969},
 month = dec,
 volume = {12},
 pages = {II-233},
 doi = {10.1063/1.1692443},
 number = {12},
 source = {Crossref},
 url = {https://doi.org/10.1063/1.1692443},
 publisher = {AIP Publishing},
 issn = {0031-9171},
}

@article{GT06,
 author = {Gkioulekas, Eleftherios and Tung, Ka-Kit},
 title = {Recent Developments in Understanding Two-dimensional Turbulence and the Nastrom{\textendash}Gage Spectrum},
 journal = {J Low Temp Phys},
 year = {2006},
 volume = {145},
 pages = {25-57},
 doi = {10.1007/s10909-006-9239-z},
 number = {1-4},
 source = {Crossref},
 url = {https://doi.org/10.1007/s10909-006-9239-z},
 publisher = {Springer Science and Business Media LLC},
 issn = {0022-2291, 1573-7357},
 month = dec,
}

@article{ouellette:2012,
 author = {Ouellette, Nicholas T.},
 title = {Turbulence in two dimensions},
 journal = {Phys. Today},
 year = {2012},
 volume = {65},
 number = {5},
 pages = {68-69},
 doi = {10.1063/pt.3.1570},
 adsurl = {http://adsabs.harvard.edu/abs/2012PhT....65e..68O},
 adsnote = {Provided by the SAO/NASA Astrophysics Data System},
 source = {Crossref},
 url = {https://doi.org/10.1063/pt.3.1570},
 publisher = {AIP Publishing},
 issn = {0031-9228, 1945-0699},
 month = may,
}

@article{ppm,
 author = {Colella, Phillip and Woodward, Paul R},
 title = {The Piecewise Parabolic Method (PPM) for gas-dynamical simulations},
 journal = {J. Comput. Phys.},
 year = {1984},
 month = apr,
 volume = {54},
 pages = {174-201},
 doi = {10.1016/0021-9991(84)90143-8},
 adsurl = {http://adsabs.harvard.edu/abs/1984JCoPh..54..174C},
 adsnote = {Provided by the SAO/NASA Astrophysics Data System},
 number = {1},
 source = {Crossref},
 url = {https://doi.org/10.1016/0021-9991(84)90143-8},
 publisher = {Elsevier BV},
 issn = {0021-9991},
}

@article{ppmunsplit,
 author = {Colella, Phillip},
 title = {Multidimensional upwind methods for hyperbolic conservation laws},
 journal = {J. Comput. Phys.},
 keywords = {ADVECTION, BOUNDARY VALUE PROBLEMS, COMPUTATIONAL GRIDS, CONSERVATION LAWS, FINITE DIFFERENCE THEORY, HYPERBOLIC FUNCTIONS, ALGORITHMS, CAUCHY PROBLEM, PREDICTOR-CORRECTOR METHODS},
 year = {1990},
 month = mar,
 volume = {87},
 pages = {171-200},
 doi = {10.1016/0021-9991(90)90233-q},
 adsurl = {http://adsabs.harvard.edu/abs/1990JCoPh..87..171C},
 adsnote = {Provided by the SAO/NASA Astrophysics Data System},
 number = {1},
 source = {Crossref},
 url = {https://doi.org/10.1016/0021-9991(90)90233-q},
 publisher = {Elsevier BV},
 issn = {0021-9991},
}

@article{saltzman1994,
 author = {Saltzman, Jeff},
 title = {An Unsplit 3D Upwind Method for Hyperbolic Conservation Laws},
 journal = {J. Comput. Phys.},
 year = {1994},
 month = nov,
 volume = {115},
 pages = {153-168},
 doi = {10.1006/jcph.1994.1184},
 adsurl = {http://adsabs.harvard.edu/abs/1994JCoPh.115..153S},
 adsnote = {Provided by the SAO/NASA Astrophysics Data System},
 number = {1},
 source = {Crossref},
 url = {https://doi.org/10.1006/jcph.1994.1184},
 publisher = {Elsevier BV},
 issn = {0021-9991},
}

@article{arnett:2015,
 author = {Arnett, W. David and Meakin, Casey and Viallet, Maxime and Campbell, Simon W. and Lattanzio, John C. and MocÃ¡k, Miroslav},
 title = {Beyond Mixing-Length Theory: A Step Toward 321D},
 journal = {ApJ},
 archiveprefix = {arXiv},
 eprint = {1503.00342},
 primaryclass = {astro-ph.SR},
 keywords = {Astrophysics - Solar and Stellar Astrophysics},
 year = {2015},
 month = aug,
 adsurl = {http://adsabs.harvard.edu/abs/2015arXiv150300342A},
 adsnote = {Provided by the SAO/NASA Astrophysics Data System},
 doi = {10.1088/0004-637x/809/1/30},
 number = {1},
 pages = {30},
 source = {Crossref},
 url = {https://doi.org/10.1088/0004-637x/809/1/30},
 volume = {809},
 publisher = {American Astronomical Society},
 issn = {1538-4357},
}

@article{strang:1968,
 author = {Strang, Gilbert},
 title = {On the Construction and Comparison of Difference Schemes},
 year = {1968},
 journal = {SIAM J. Numer. Anal.},
 volume = {5},
 pages = {506-517},
 doi = {10.1137/0705041},
 number = {3},
 source = {Crossref},
 url = {https://doi.org/10.1137/0705041},
 publisher = {Society for Industrial Applied Mathematics (SIAM)},
 issn = {0036-1429, 1095-7170},
 month = sep,
}

@article{muller:1986,
 author = {{M{\"u}ller}, E.},
 title = {Nuclear-reaction networks and stellar evolution codes - The coupling of composition changes and energy release in explosive nuclear burning},
 journal = {Astron. Astrophys.},
 keywords = {Abundance, Nuclear Astrophysics, Nuclear Fusion, Stellar Evolution, Stellar Physics, Energy Transfer, Entropy, Explosions, Newton-Raphson Method, Stellar Composition, Stellar Cores},
 year = {1986},
 month = jul,
 volume = {162},
 pages = {103-108},
 adsurl = {http://adsabs.harvard.edu/abs/1986A},
 adsnote = {Provided by the SAO/NASA Astrophysics Data System},
}

@article{woosley-ignition,
 author = {Woosley, S. E. and Wunsch, S. and Kuhlen, M.},
 title = {Carbon Ignition in Type Ia Supernovae: An Analytic Model},
 journal = {ApJ},
 eprint = {astro-ph/0307565},
 keywords = {Hydrodynamics, Stars: Supernovae: General},
 year = {2004},
 month = jun,
 volume = {607},
 pages = {921-930},
 doi = {10.1086/383530},
 adsurl = {http://adsabs.harvard.edu/abs/2004ApJ...607..921W},
 adsnote = {Provided by the SAO/NASA Astrophysics Data System},
 number = {2},
 source = {Crossref},
 url = {https://doi.org/10.1086/383530},
 publisher = {American Astronomical Society},
 issn = {0004-637X, 1538-4357},
}

@article{timmeswoosley:1992,
 author = {Timmes, F. X. and Woosley, S. E.},
 title = {The conductive propagation of nuclear flames. I - Degenerate C + O and O + NE + MG white dwarfs},
 journal = {ApJ},
 keywords = {Degenerate Matter, Neutron Stars, Nuclear Fusion, Radiation Transport, Stellar Interiors, White Dwarf Stars, Computational Grids, Conductive Heat Transfer, Fractals, Gravitational Collapse, Reaction Kinetics, Supernovae},
 year = {1992},
 month = sep,
 volume = {396},
 pages = {649},
 doi = {10.1086/171746},
 adsurl = {http://adsabs.harvard.edu/abs/1992ApJ...396..649T},
 adsnote = {Provided by the SAO/NASA Astrophysics Data System},
 source = {Crossref},
 url = {https://doi.org/10.1086/171746},
 publisher = {American Astronomical Society},
 issn = {0004-637X, 1538-4357},
}

@article{xrb3d,
 author = {Zingale, M. and Malone, C. M. and Nonaka, A. and Almgren, A. S. and Bell, J. B.},
 title = {Comparisons Of Two- And Three-Dimensional Convection In Type I X-Ray Bursts},
 journal = {ApJ},
 archiveprefix = {arXiv},
 eprint = {1410.5796},
 primaryclass = {astro-ph.HE},
 keywords = {convection, hydrodynamics, methods: numerical, stars: neutron, X-rays: bursts},
 year = {2015},
 month = jul,
 volume = {807},
 eid = {60},
 pages = {60},
 doi = {10.1088/0004-637x/807/1/60},
 adsurl = {http://adsabs.harvard.edu/abs/2015ApJ...807...60Z},
 adsnote = {Provided by the SAO/NASA Astrophysics Data System},
 number = {1},
 source = {Crossref},
 url = {https://doi.org/10.1088/0004-637x/807/1/60},
 publisher = {American Astronomical Society},
 issn = {1538-4357},
}

@article{SNrt,
 author = {Bell, J. B. and Day, M. S. and Rendleman, C. A. and Woosley, S. E. and Zingale, M.},
 title = {Direct Numerical Simulations of Type Ia Supernovae Flames. II. The Rayleigh-Taylor Instability},
 journal = {ApJ},
 eprint = {astro-ph/0401247},
 keywords = {Conduction, Hydrodynamics, Methods: Numerical, Nuclear Reactions, Nucleosynthesis, Abundances, Stars: Supernovae: General, Stars: White Dwarfs},
 year = {2004},
 month = jun,
 volume = {608},
 pages = {883-906},
 doi = {10.1086/420841},
 adsurl = {http://adsabs.harvard.edu/abs/2004ApJ...608..883B},
 adsnote = {Provided by the SAO/NASA Astrophysics Data System},
 number = {2},
 source = {Crossref},
 url = {https://doi.org/10.1086/420841},
 publisher = {American Astronomical Society},
 issn = {0004-637X, 1538-4357},
}

@article{SNld,
 author = {Bell, J. B. and Day, M. S. and Rendleman, C. A. and Woosley, S. E. and Zingale, M.},
 title = {Direct Numerical Simulations of Type Ia Supernovae Flames. I. The Landau-Darrieus Instability},
 journal = {ApJ},
 eprint = {astro-ph/0311543},
 keywords = {Conduction, Hydrodynamics, Methods: Numerical, Nuclear Reactions, Nucleosynthesis, Abundances, Stars: Supernovae: General, Stars: White Dwarfs},
 year = {2004},
 month = may,
 volume = {606},
 pages = {1029-1038},
 doi = {10.1086/383023},
 adsurl = {http://adsabs.harvard.edu/abs/2004ApJ...606.1029B},
 adsnote = {Provided by the SAO/NASA Astrophysics Data System},
 number = {2},
 source = {Crossref},
 url = {https://doi.org/10.1086/383023},
 publisher = {American Astronomical Society},
 issn = {0004-637X, 1538-4357},
}

@article{Hunter:2007,
 author = {Hunter, John D.},
 title = {Matplotlib: A 2D Graphics Environment},
 journal = {Comput. Sci. Eng.},
 issue_date = {May 2007},
 volume = {9},
 number = {3},
 month = may,
 year = {2007},
 issn = {1521-9615},
 pages = {90-95},
 numpages = {6},
 url = {https://doi.org/10.1109/mcse.2007.55},
 doi = {10.1109/mcse.2007.55},
 acmid = {1251845},
 publisher = {Institute of Electrical and Electronics Engineers (IEEE)},
 address = {Piscataway, NJ, USA},
 keywords = {Python, Python, scripting languages, application development, scientific programming, application development, scientific programming, scripting languages},
 source = {Crossref},
}

@article{numpy,
 author = {Oliphant, Travis E.},
 title = {Python for Scientific Computing},
 journal = {Comput. Sci. Eng.},
 issue_date = {May 2007},
 volume = {9},
 number = {3},
 month = may,
 year = {2007},
 issn = {1521-9615},
 pages = {10-20},
 numpages = {11},
 url = {https://doi.org/10.1109/mcse.2007.58},
 doi = {10.1109/mcse.2007.58},
 acmid = {1251830},
 publisher = {Institute of Electrical and Electronics Engineers (IEEE)},
 address = {Piscataway, NJ, USA},
 keywords = {Python, Python, computer languages, scientific programming, scientific computing, computer languages, scientific computing, scientific programming},
 source = {Crossref},
}

@article{numpy2,
 author = {van der Walt, StÃ©fan and Colbert, S Chris and Varoquaux, GaÃ«l},
 title = {The NumPy Array: A Structure for Efficient Numerical Computation},
 journal = {Comput. Sci. Eng.},
 volume = {13},
 number = {2},
 pages = {22-30},
 year = {2011},
 doi = {10.1109/mcse.2011.37},
 url = {https://doi.org/10.1109/mcse.2011.37},
 eprint = {https://aip.scitation.org/doi/pdf/10.1109/MCSE.2011.37},
 source = {Crossref},
 publisher = {Institute of Electrical and Electronics Engineers (IEEE)},
 issn = {1521-9615},
 month = mar,
}

@article{f2py,
 author = {Peterson, Pearu},
 journal = {IJCSE},
 title = {F2PY: A tool for connecting Fortran and Python programs},
 year = {2009},
 volume = {4},
 number = {4},
 pages = {296},
 doi = {10.1504/ijcse.2009.029165},
 source = {Crossref},
 url = {https://doi.org/10.1504/ijcse.2009.029165},
 publisher = {Inderscience Publishers},
 issn = {1742-7185, 1742-7193},
}

@article{pyro,
 author = {Zingale, M.},
 title = {pyro: A teaching code for computational astrophysical hydrodynamics},
 journal = {Astron. Comput.},
 archiveprefix = {arXiv},
 eprint = {1306.6883},
 primaryclass = {astro-ph.IM},
 keywords = {Hydrodynamics, Methods: numerical},
 year = {2014},
 month = oct,
 volume = {6},
 pages = {52-62},
 doi = {10.1016/j.ascom.2014.07.003},
 adsurl = {http://adsabs.harvard.edu/abs/2014A},
 adsnote = {Provided by the SAO/NASA Astrophysics Data System},
 source = {Crossref},
 url = {https://doi.org/10.1016/j.ascom.2014.07.003},
 publisher = {Elsevier BV},
 issn = {2213-1337},
}

@article{mccorquodalecolella,
 author = {McCorquodale, Peter and Colella, Phillip},
 title = {A high-order finite-volume method for conservation laws on locally refined grids},
 journal = {CAMCoS},
 year = {2011},
 volume = {6},
 number = {1},
 pages = {1-25},
 doi = {10.2140/camcos.2011.6.1},
 source = {Crossref},
 url = {https://doi.org/10.2140/camcos.2011.6.1},
 publisher = {Mathematical Sciences Publishers},
 issn = {2157-5452, 1559-3940},
 month = mar,
}

@article{sympy,
 author = {Meurer, Aaron and Smith, Christopher P. and Paprocki, Mateusz and ÄertÃ­k, OndÅej and Kirpichev, Sergey B. and Rocklin, Matthew and Kumar, AMiT and Ivanov, Sergiu and Moore, Jason K. and Singh, Sartaj and Rathnayake, Thilina and Vig, Sean and Granger, Brian E. and Muller, Richard P. and Bonazzi, Francesco and Gupta, Harsh and Vats, Shivam and Johansson, Fredrik and Pedregosa, Fabian and Curry, Matthew J. and Terrel, Andy R. and RouÄka, Å tÄpÃ¡n and Saboo, Ashutosh and Fernando, Isuru and Kulal, Sumith and Cimrman, Robert and Scopatz, Anthony},
 title = {SymPy: Symbolic computing in Python},
 year = {2017},
 month = jan,
 keywords = {Python, Computer algebra system, Symbolics},
 abstract = {SymPy is an open source computer algebra system written in pure Python. It is built with a focus on extensibility and ease of use, through both interactive and programmatic applications. These characteristics have led SymPy to become a popular symbolic library for the scientific Python ecosystem. This paper presents the architecture of SymPy, a description of its features, and a discussion of select submodules. The supplementary material provide additional examples and further outline details of the architecture and features of SymPy.},
 volume = {3},
 pages = {e103},
 journal = {PeerJ Comput. Sci.},
 issn = {2376-5992},
 url = {https://doi.org/10.7717/peerj-cs.103},
 doi = {10.7717/peerj-cs.103},
 source = {Crossref},
 publisher = {PeerJ},
}

@article{hedet,
 author = {Zingale, M. and Timmes, F. X. and Fryxell, B. and Lamb, D. Q. and Olson, K. and Calder, A. C. and Dursi, L. J. and Ricker, P. and Rosner, R. and MacNeice, P. and Tufo, H. M.},
 title = {Helium Detonations on Neutron Stars},
 journal = {ASTROPHYS J SUPPL S},
 keywords = {Hydrodynamics, Nuclear Reactions, Nucleosynthesis, Abundances, Stars: Neutron, X-Rays: Bursts},
 year = {2001},
 month = mar,
 volume = {133},
 pages = {195-220},
 doi = {10.1086/319182},
 adsurl = {http://adsabs.harvard.edu/abs/2001ApJS..133..195Z},
 adsnote = {Provided by the SAO/NASA Astrophysics Data System},
 number = {1},
 source = {Crossref},
 url = {https://doi.org/10.1086/319182},
 publisher = {American Astronomical Society},
 issn = {0067-0049, 1538-4365},
}

@article{astronum:2017,
 author = {Zingale, M. and Almgren, A. S. and Barrios Sazo, M. G. and Beckner, V. E. and Bell, J. B. and Friesen, B. and Jacobs, A. M. and Katz, M. P. and Malone, C. M. and Nonaka, A. J. and Willcox, D. E. and Zhang, W.},
 title = {Meeting the Challenges of Modeling Astrophysical Thermonuclear Explosions: Castro, Maestro, and the AMReX Astrophysics Suite},
 journal = {J. Phys.: Conf. Ser.},
 archiveprefix = {arXiv},
 eprint = {1711.06203},
 primaryclass = {astro-ph.IM},
 keywords = {Astrophysics - Instrumentation and Methods for Astrophysics},
 year = {2018},
 month = may,
 adsurl = {http://adsabs.harvard.edu/abs/2017arXiv171106203Z},
 adsnote = {Provided by the SAO/NASA Astrophysics Data System},
 doi = {10.1088/1742-6596/1031/1/012024},
 pages = {012024},
 source = {Crossref},
 url = {https://doi.org/10.1088/1742-6596/1031/1/012024},
 volume = {1031},
 publisher = {IOP Publishing},
 issn = {1742-6588, 1742-6596},
}

@article{wdmergerI,
 author = {Katz, Max P. and Zingale, Michael and Calder, Alan C. and Swesty, F. Douglas and Almgren, Ann S. and Zhang, Weiqun},
 title = {White Dwarf Mergers On Adaptive Meshes. I. Methodology And Code Verification},
 journal = {ApJ},
 archiveprefix = {arXiv},
 eprint = {1512.06099},
 primaryclass = {astro-ph.HE},
 keywords = {hydrodynamics, methods: numerical, supernovae: general, white dwarfs},
 year = {2016},
 month = mar,
 volume = {819},
 eid = {94},
 pages = {94},
 doi = {10.3847/0004-637x/819/2/94},
 adsurl = {http://adsabs.harvard.edu/abs/2016ApJ...819...94K},
 adsnote = {Provided by the SAO/NASA Astrophysics Data System},
 number = {2},
 source = {Crossref},
 url = {https://doi.org/10.3847/0004-637x/819/2/94},
 publisher = {American Astronomical Society},
 issn = {1538-4357},
}

@article{pynucastro,
 author = {E. Willcox, Donald and Zingale, Michael},
 title = {pynucastro: An interface to nuclear reaction rates and code generator for reaction network equations},
 journal = {JOSS},
 year = {2018},
 volume = {3},
 number = {23},
 pages = {588},
 doi = {10.21105/joss.00588},
 source = {Crossref},
 url = {https://doi.org/10.21105/joss.00588},
 publisher = {The Open Journal},
 issn = {2475-9066},
 month = mar,
}

@article{reaclib,
 author = {Cyburt, Richard H. and Amthor, A. Matthew and Ferguson, Ryan and Meisel, Zach and Smith, Karl and Warren, Scott and Heger, Alexander and Hoffman, R. D. and Rauscher, Thomas and Sakharuk, Alexander and Schatz, Hendrik and Thielemann, F. K. and Wiescher, Michael},
 title = {The Jina Reaclib Database: Its Recent Updates And Impact On Type-I X-Ray Bursts},
 journal = {ApJS},
 keywords = {nuclear reactions, nucleosynthesis, abundances, X-rays: bursts},
 year = {2010},
 month = jun,
 volume = {189},
 pages = {240-252},
 doi = {10.1088/0067-0049/189/1/240},
 adsurl = {http://adsabs.harvard.edu/abs/2010ApJS..189..240C},
 adsnote = {Provided by the SAO/NASA Astrophysics Data System},
 number = {1},
 source = {Crossref},
 url = {https://doi.org/10.1088/0067-0049/189/1/240},
 publisher = {American Astronomical Society},
 issn = {0067-0049, 1538-4365},
}

@inproceedings{valgrind,
 author = {Nethercote, Nicholas and Seward, Julian},
 title = {Valgrind},
 booktitle = {Proceedings of the 2007 ACM SIGPLAN conference on Programming language design and implementation - PLDI '07},
 series = {PLDI '07},
 year = {2007},
 isbn = {978-1-59593-633-2},
 location = {San Diego, California, USA},
 pages = {89{\textendash}100},
 numpages = {12},
 url = {https://doi.org/10.1145/1250734.1250746},
 doi = {10.1145/1250734.1250746},
 acmid = {1250746},
 publisher = {ACM Press},
 address = {New York, NY, USA},
 keywords = {Memcheck, Valgrind, dynamic binary analysis, dynamic binary instrumentation, shadow values},
 source = {Crossref},
 subtitle = {a framework for heavyweight dynamic binary instrumentation},
}

@inproceedings{powell,
 author = {Powell, M. J. D.},
 editor = {Rabinowitz, Philip},
 title = {A hybrid method for nonlinear equations},
 booktitle = {Numerical methods for nonlinear algebraic equations},
 chapter = {6},
 pages = {87{\textendash}114},
 publisher = {Gordon and Breach Science Publishers, New York},
 year = {1970},
}

@article{BYRNE19871,
 author = {Byrne, George D and Hindmarsh, Alan C},
 title = {Stiff ODE solvers: A review of current and coming attractions},
 journal = {J. Comput. Phys.},
 volume = {70},
 number = {1},
 pages = {1-62},
 year = {1987},
 issn = {0021-9991},
 doi = {10.1016/0021-9991(87)90001-5},
 url = {https://doi.org/10.1016/0021-9991(87)90001-5},
 source = {Crossref},
 publisher = {Elsevier BV},
 month = may,
}

@article{SDC-old,
 author = {Nonaka, A. and Bell, J. B. and Day, M. S. and Gilet, C. and Almgren, A. S. and Minion, M. L.},
 title = {A deferred correction coupling strategy for low Mach number flow with complex chemistry},
 journal = {Combust. Theor. Model.},
 volume = {16},
 number = {6},
 pages = {1053-1088},
 year = {2012},
 publisher = {Informa UK Limited},
 doi = {10.1080/13647830.2012.701019},
 url = {https://doi.org/10.1080/13647830.2012.701019},
 eprint = {https://doi.org/10.1080/13647830.2012.701019},
 source = {Crossref},
 issn = {1364-7830, 1741-3559},
 month = dec,
}

@article{Emmett:2018,
 author = {Emmett, Matthew and Motheau, Emmanuel and Zhang, Weiqun and Minion, Michael and Bell, John B.},
 title = {A fourth-order adaptive mesh refinement algorithm for the multicomponent, reacting compressible Navier{\textendash}Stokes equations},
 journal = {Combust. Theor. Model.},
 archiveprefix = {arXiv},
 eprint = {1806.10718},
 primaryclass = {physics.flu-dyn},
 keywords = {Physics - Fluid Dynamics, Physics - Computational Physics},
 year = {2019},
 month = jan,
 adsurl = {http://adsabs.harvard.edu/abs/2018arXiv180610718E},
 adsnote = {Provided by the SAO/NASA Astrophysics Data System},
 doi = {10.1080/13647830.2019.1566574},
 number = {4},
 pages = {592-625},
 source = {Crossref},
 url = {https://doi.org/10.1080/13647830.2019.1566574},
 volume = {23},
 publisher = {Informa UK Limited},
 issn = {1364-7830, 1741-3559},
}

@article{zingalekatz,
 author = {Zingale, Michael and Katz, Max P.},
 title = {On The Piecewise Parabolic Method For Compressible Flow With Stellar Equations Of State},
 journal = {ApJS},
 archiveprefix = {arXiv},
 eprint = {1501.01923},
 primaryclass = {astro-ph.IM},
 keywords = {hydrodynamics, methods: numerical},
 year = {2015},
 month = feb,
 volume = {216},
 eid = {31},
 pages = {31},
 doi = {10.1088/0067-0049/216/2/31},
 adsurl = {http://adsabs.harvard.edu/abs/2015ApJS..216...31Z},
 adsnote = {Provided by the SAO/NASA Astrophysics Data System},
 number = {2},
 source = {Crossref},
 url = {https://doi.org/10.1088/0067-0049/216/2/31},
 publisher = {American Astronomical Society},
 issn = {1538-4365},
}

@article{millercolella:2002,
 author = {Miller, G.H. and Colella, P.},
 title = {A Conservative Three-Dimensional Eulerian Method for Coupled Solid{\textendash}Fluid Shock Capturing},
 journal = {J. Comput. Phys.},
 year = {2002},
 month = nov,
 volume = {183},
 pages = {26-82},
 doi = {10.1006/jcph.2002.7158},
 adsurl = {http://adsabs.harvard.edu/abs/2002JCoPh.183...26M},
 adsnote = {Provided by the SAO/NASA Astrophysics Data System},
 number = {1},
 source = {Crossref},
 url = {https://doi.org/10.1006/jcph.2002.7158},
 publisher = {Elsevier BV},
 issn = {0021-9991},
}

@article{speth:2013,
 author = {Speth, Raymond L. and Green, William H. and MacNamara, Shev and Strang, Gilbert},
 title = {Balanced Splitting and Rebalanced Splitting},
 journal = {SIAM J. Numer. Anal.},
 volume = {51},
 number = {6},
 pages = {3084-3105},
 year = {2013},
 doi = {10.1137/120878641},
 url = {https://doi.org/10.1137/120878641},
 eprint = {https://doi.org/10.1137/120878641},
 source = {Crossref},
 publisher = {Society for Industrial Applied Mathematics (SIAM)},
 issn = {0036-1429, 1095-7170},
 month = jan,
}

@article{colellaglaz:1985,
 author = {Colella, Phillip and Glaz, Harland M},
 title = {Efficient solution algorithms for the Riemann problem for real gases},
 journal = {J. Comput. Phys.},
 keywords = {CAUCHY PROBLEM, COMPRESSIBLE FLOW, EQUATIONS OF STATE, GAS DYNAMICS, INVISCID FLOW, POLYTROPIC PROCESSES, ALGORITHMS, BOUNDARY VALUE PROBLEMS, CARTESIAN COORDINATES, FINITE DIFFERENCE THEORY, JACOBI MATRIX METHOD, RANKINE-HUGONIOT RELATION, SHOCK TUBES, SHOCK WAVES},
 year = {1985},
 month = jun,
 volume = {59},
 pages = {264-289},
 doi = {10.1016/0021-9991(85)90146-9},
 adsurl = {http://adsabs.harvard.edu/abs/1985JCoPh..59..264C},
 adsnote = {Provided by the SAO/NASA Astrophysics Data System},
 number = {2},
 source = {Crossref},
 url = {https://doi.org/10.1016/0021-9991(85)90146-9},
 publisher = {Elsevier BV},
 issn = {0021-9991},
}

@article{katzzingale:2019,
 author = {Katz, Max P. and Zingale, Michael},
 title = {Numerical Stability of Detonations in White Dwarf Simulations},
 journal = {ApJ},
 keywords = {Astrophysics - High Energy Astrophysical Phenomena},
 year = {2019},
 month = apr,
 eid = {arXiv:1903.00132},
 pages = {169},
 archiveprefix = {arXiv},
 eprint = {1903.00132},
 primaryclass = {astro-ph.HE},
 adsurl = {https://ui.adsabs.harvard.edu/\#abs/2019arXiv190300132K},
 adsnote = {Provided by the SAO/NASA Astrophysics Data System},
 doi = {10.3847/1538-4357/ab0c00},
 number = {2},
 source = {Crossref},
 url = {https://doi.org/10.3847/1538-4357/ab0c00},
 volume = {874},
 publisher = {American Astronomical Society},
 issn = {1538-4357},
}

@article{2018MNRAS.476.2238G,
 author = {Glasner, S Ami and Livne, E and Steinberg, E and Yalinewich, A and Truran, James W},
 title = {Ignition of detonation in accreted helium envelopes},
 journal = {Mon. Not. R. Astron Soc.},
 keywords = {hydrodynamics, methods: numerical, white dwarfs},
 year = {2018},
 month = feb,
 volume = {476},
 pages = {2238-2248},
 doi = {10.1093/mnras/sty421},
 adsurl = {http://adsabs.harvard.edu/abs/2018MNRAS.476.2238G},
 adsnote = {Provided by the SAO/NASA Astrophysics Data System},
 number = {2},
 source = {Crossref},
 url = {https://doi.org/10.1093/mnras/sty421},
 publisher = {Oxford University Press (OUP)},
 issn = {0035-8711, 1365-2966},
}

@inproceedings{astronum_2018,
 author = {Katz, Max P. and Almgren, Ann and Sazo, Maria Barrios and Eiden, Kiran and Gott, Kevin and Harpole, Alice and Sexton, Jean M. and Willcox, Don E. and Zhang, Weiqun and Zingale, Michael},
 title = {Preparing Nuclear Astrophysics for Exascale},
 keywords = {Astrophysics - Instrumentation and Methods for Astrophysics},
 booktitle = {SC20: International Conference for High Performance Computing, Networking, Storage and Analysis},
 year = {2020},
 series = {Journal of Physics Conference Series},
 volume = {1031},
 month = nov,
 eid = {012024},
 pages = {012024},
 doi = {10.1109/sc41405.2020.00095},
 archiveprefix = {arXiv},
 eprint = {1711.06203},
 primaryclass = {astro-ph.IM},
 adsurl = {https://ui.adsabs.harvard.edu/abs/2018JPhCS1031a2024Z},
 adsnote = {Provided by the SAO/NASA Astrophysics Data System},
 source = {Crossref},
 url = {https://doi.org/10.1109/sc41405.2020.00095},
 publisher = {IEEE},
}

@article{pyro_joss,
 author = {Harpole, Alice and Zingale, Michael and Hawke, Ian and Chegini, Taher},
 title = {pyro: A framework for hydrodynamics explorations and prototyping},
 journal = {JOSS},
 year = {2019},
 volume = {4},
 number = {34},
 pages = {1265},
 url = {https://doi.org/10.21105/joss.01265},
 doi = {10.21105/joss.01265},
 subject = {algorithms: general},
 source = {Crossref},
 publisher = {The Open Journal},
 issn = {2475-9066},
 month = feb,
}

@article{graboske:1973,
 author = {Graboske, H. C. and Dewitt, H. E. and Grossman, A. S. and Cooper, M. S.},
 title = {Screening Factors for Nuclear Reactions. 11. Intermediate Screen-Ing and Astrophysical Applications},
 journal = {ApJ},
 year = {1973},
 month = apr,
 volume = {181},
 pages = {457},
 adsurl = {http://adsabs.harvard.edu/cgi-bin/nph-bib\_query?bibcode=1973ApJ...181..457G db\_key=AST},
 adsnote = {Provided by the Smithsonian/NASA Astrophysics Data System},
 doi = {10.1086/152062},
 source = {Crossref},
 url = {https://doi.org/10.1086/152062},
 publisher = {American Astronomical Society},
 issn = {0004-637X, 1538-4357},
}

@article{alastuey:1978,
 author = {Alastuey, A. and Jancovici, B.},
 title = {Nuclear reaction rate enhancement in dense stellar matter},
 journal = {ApJ},
 year = {1978},
 month = dec,
 volume = {226},
 pages = {1034},
 doi = {10.1086/156681},
 adsurl = {http://adsabs.harvard.edu/cgi-bin/nph-bib\_query?bibcode=1978ApJ...226.1034A db\_key=AST},
 adsnote = {Provided by the Smithsonian/NASA Astrophysics Data System},
 source = {Crossref},
 url = {https://doi.org/10.1086/156681},
 publisher = {American Astronomical Society},
 issn = {0004-637X, 1538-4357},
}

@article{itoh:1979,
 author = {Itoh, N. and Totsuji, H. and Ichimaru, S. and Dewitt, H. E.},
 title = {Enhancement of thermonuclear reaction rate due to strong screening. II - Ionic mixtures},
 journal = {ApJ},
 year = {1979},
 month = dec,
 volume = {234},
 pages = {1079},
 doi = {10.1086/157590},
 adsurl = {http://adsabs.harvard.edu/cgi-bin/nph-bib\_query?bibcode=1979ApJ...234.1079I db\_key=AST},
 adsnote = {Provided by the Smithsonian/NASA Astrophysics Data System},
 source = {Crossref},
 url = {https://doi.org/10.1086/157590},
 publisher = {American Astronomical Society},
 issn = {0004-637X, 1538-4357},
}

@misc{starkiller,
 author = {the StarKiller Microphysics Development Team and Bishop, Abigail and Fields, Carl E. and Jacobs, Adam M. and Katz, Maximilian and Malone, Chris and Timmes, Frank and Willcox, Donald and Zingale, Michael},
 title = {starkiller-astro/Microphysics: 19.04},
 month = apr,
 year = {2019},
 doi = {10.5281/zenodo.2620545},
 url = {https://doi.org/10.5281/zenodo.2620545},
}

@article{iso7,
 author = {Timmes, F. X. and Hoffman, R. D. and Woosley, S. E.},
 doi = {10.1086/313407},
 url = {https://doi.org/10.1086/313407},
 year = {2000},
 month = jul,
 publisher = {American Astronomical Society},
 volume = {129},
 number = {1},
 pages = {377-398},
 title = {An Inexpensive Nuclear Energy Generation Network for Stellar Hydrodynamics},
 journal = {ASTROPHYS J SUPPL S},
 source = {Crossref},
 issn = {0067-0049, 1538-4365},
}

@article{amrex_joss,
 author = {Zhang, Weiqun and Almgren, Ann and Beckner, Vince and Bell, John and Blaschke, Johannes and Chan, Cy and Day, Marcus and Friesen, Brian and Gott, Kevin and Graves, Daniel and Katz, Max and Myers, Andrew and Nguyen, Tan and Nonaka, Andrew and Rosso, Michele and Williams, Samuel and Zingale, Michael},
 title = {AMReX: A framework for block-structured adaptive mesh refinement},
 journal = {JOSS},
 year = {2019},
 volume = {4},
 number = {37},
 pages = {1370},
 doi = {10.21105/joss.01370},
 url = {https://doi.org/10.21105/joss.01370},
 subject = {algorithms: general},
 source = {Crossref},
 publisher = {The Open Journal},
 issn = {2475-9066},
 month = may,
}

@article{galloway:2017,
 author = {{Galloway}, D. K. and {Keek}, L.},
 title = {Thermonuclear X-ray bursts},
 journal = {ArXiv e-prints},
 archiveprefix = {arXiv},
 eprint = {1712.06227},
 primaryclass = {astro-ph.HE},
 keywords = {Astrophysics - High Energy Astrophysical Phenomena},
 year = {2017},
 month = dec,
 adsurl = {http://adsabs.harvard.edu/abs/2017arXiv171206227G},
 adsnote = {Provided by the SAO/NASA Astrophysics Data System},
}

@article{bhattacharyya:2007,
 author = {Bhattacharyya, Sudip and Strohmayer, Tod E.},
 title = {Thermonuclear Flame Spreading on Rapidly Spinning Neutron Stars: Indications of the Coriolis Force?},
 journal = {ApJ},
 keywords = {Stars: Neutron, Stars: Rotation, X-Rays: Binaries, X-Rays: Bursts, X-rays: individual (4U 1636-536), X-rays: individual (SAX J1808.4-3658)},
 year = {2007},
 volume = {666},
 pages = {L85-L88},
 doi = {10.1086/521790},
 adsurl = {http://adsabs.harvard.edu/abs/2007ApJ...666L..85B},
 adsnote = {Provided by the SAO/NASA Astrophysics Data System},
 number = {2},
 source = {Crossref},
 url = {https://doi.org/10.1086/521790},
 publisher = {American Astronomical Society},
 issn = {0004-637X, 1538-4357},
 month = aug,
}

@article{bhattacharyya:2006,
 author = {Bhattacharyya, Sudip and Strohmayer, Tod E.},
 title = {A Non-PRE Double-peaked Burst from 4U 1636-536: Evidence of Burning Front Propagation},
 journal = {ApJ},
 eprint = {arXiv:astro-ph/0509369},
 keywords = {Accretion, Accretion Disks, Relativity, Stars: Neutron, X-Rays: Binaries, X-Rays: Bursts, X-rays: individual (4U 1636-536)},
 year = {2006},
 volume = {636},
 pages = {L121-L124},
 doi = {10.1086/500199},
 adsurl = {http://adsabs.harvard.edu/abs/2006ApJ...636L.121B},
 adsnote = {Provided by the SAO/NASA Astrophysics Data System},
 number = {2},
 source = {Crossref},
 url = {https://doi.org/10.1086/500199},
 publisher = {American Astronomical Society},
 issn = {0004-637X, 1538-4357},
 month = jan,
}

@article{Lampe2016,
 author = {Lampe, Nathanael and Heger, Alexander and Galloway, Duncan K.},
 archiveprefix = {arXiv},
 arxivid = {1512.05769},
 doi = {10.3847/0004-637x/819/1/46},
 eprint = {1512.05769},
 journal = {ApJ},
 month = feb,
 number = {1},
 title = {The Influence Of Accretion Rate And Metallicity On Thermonuclear Bursts: Predictions From Kepler Models},
 url = {https://doi.org/10.3847/0004-637x/819/1/46},
 volume = {819},
 year = {2016},
 pages = {46},
 source = {Crossref},
 publisher = {American Astronomical Society},
 issn = {1538-4357},
}

@article{Jose2010a,
 author = {JosÃ©, Jordi and Moreno, FermÃ­n and Parikh, Anuj and Iliadis, Christian},
 doi = {10.1088/0067-0049/189/1/204},
 issn = {0067-0049, 1538-4365},
 journal = {ApJS},
 keywords = {abundances,bursts,color figures,hydrodynamics,neutron,nuclear reactions,nucleosynthesis,online-only material,stars,x-rays},
 month = jun,
 number = {1},
 pages = {204-239},
 title = {Hydrodynamic Models Of Type I X-Ray Bursts: Metallicity Effects},
 url = {https://doi.org/10.1088/0067-0049/189/1/204},
 volume = {189},
 year = {2010},
 source = {Crossref},
 publisher = {American Astronomical Society},
}

@article{Weinberg2006b,
 author = {Weinberg, Nevin N. and Bildsten, Lars and Brown, Edward F.},
 doi = {10.1086/508887},
 issn = {0004-637X, 1538-4357},
 journal = {ApJ},
 month = oct,
 number = {2},
 pages = {L119-L122},
 title = {Hydrodynamic Thermonuclear Runaways in Superbursts},
 url = {https://doi.org/10.1086/508887},
 volume = {650},
 year = {2006},
 source = {Crossref},
 publisher = {American Astronomical Society},
}

@article{Weinberg2007,
 author = {Weinberg, Nevin N. and Bildsten, Lars},
 doi = {10.1086/522111},
 issn = {0004-637X, 1538-4357},
 journal = {ApJ},
 month = dec,
 number = {2},
 pages = {1291-1300},
 title = {Carbon Detonation and Shock-Triggered Helium Burning in Neutron Star Superbursts},
 url = {https://doi.org/10.1086/522111},
 volume = {670},
 year = {2007},
 source = {Crossref},
 publisher = {American Astronomical Society},
}

@article{Ropke2007,
 author = {Ropke, F. K. and Hillebrandt, W. and Schmidt, W. and Niemeyer, J. C. and Blinnikov, S. I. and Mazzali, P. A.},
 archiveprefix = {arXiv},
 arxivid = {0707.1024},
 doi = {10.1086/521347},
 eprint = {0707.1024},
 issn = {0004-637X, 1538-4357},
 journal = {ApJ},
 month = oct,
 number = {2},
 pages = {1132-1139},
 title = {A Three-Dimensional Deflagration Model for Type Ia Supernovae Compared with Observations},
 url = {https://doi.org/10.1086/521347},
 volume = {668},
 year = {2007},
 source = {Crossref},
 publisher = {American Astronomical Society},
}

@article{Malone2014a,
 author = {Malone, C. M. and Nonaka, A. and Woosley, S. E. and Almgren, A. S. and Bell, J. B. and Dong, S. and Zingale, M.},
 archiveprefix = {arXiv},
 arxivid = {arXiv:1309.4042v1},
 doi = {10.1088/0004-637x/782/1/11},
 eprint = {arXiv:1309.4042v1},
 issn = {0004-637X, 1538-4357},
 journal = {ApJ},
 keywords = {convection,hydrodynamics,methods: numerical,nuclear reactions nucleosynthesis abundances,supernovae:general,white dwarfs},
 month = jan,
 number = {1},
 pages = {11},
 title = {THE DEFLAGRATION STAGE OF CHANDRASEKHAR MASS MODELS FOR TYPE Ia SUPERNOVAE. I. EARLY EVOLUTION},
 url = {https://doi.org/10.1088/0004-637x/782/1/11},
 volume = {782},
 year = {2014},
 source = {Crossref},
 publisher = {American Astronomical Society},
}

@article{castro-sdc,
 author = {Zingale, M. and Katz, M. P. and Bell, J. B. and Minion, M. L. and Nonaka, A. J. and Zhang, W.},
 title = {Improved Coupling of Hydrodynamics and Nuclear Reactions via Spectral Deferred Corrections},
 journal = {ApJ},
 keywords = {Physics - Computational Physics, Astrophysics - Instrumentation and Methods for Astrophysics},
 year = {2019},
 month = nov,
 eid = {arXiv:1908.03661},
 pages = {105},
 archiveprefix = {arXiv},
 eprint = {1908.03661},
 primaryclass = {physics.comp-ph},
 adsurl = {https://ui.adsabs.harvard.edu/abs/2019arXiv190803661Z},
 adsnote = {Provided by the SAO/NASA Astrophysics Data System},
 note = {accepted to ApJ},
 doi = {10.3847/1538-4357/ab4e1d},
 number = {2},
 source = {Crossref},
 url = {https://doi.org/10.3847/1538-4357/ab4e1d},
 volume = {886},
 publisher = {American Astronomical Society},
 issn = {1538-4357},
}

@article{johnston:2019,
 author = {Johnston, Zac and Heger, Alexander and Galloway, Duncan K},
 title = {Multi-epoch X-ray burst modelling: Mcmc with large grids of 1D simulations},
 journal = {Mon. Not. R. Astron Soc.},
 keywords = {Astrophysics - High Energy Astrophysical Phenomena},
 year = {2020},
 month = apr,
 eid = {arXiv:1909.07977},
 pages = {4576-4589},
 archiveprefix = {arXiv},
 eprint = {1909.07977},
 primaryclass = {astro-ph.HE},
 adsurl = {https://ui.adsabs.harvard.edu/abs/2019arXiv190907977J},
 adsnote = {Provided by the SAO/NASA Astrophysics Data System},
 doi = {10.1093/mnras/staa1054},
 number = {3},
 source = {Crossref},
 url = {https://doi.org/10.1093/mnras/staa1054},
 volume = {494},
 publisher = {Oxford University Press (OUP)},
 issn = {0035-8711, 1365-2966},
}

@article{cyburt:2010,
 author = {Cyburt, Richard H. and Amthor, A. Matthew and Ferguson, Ryan and Meisel, Zach and Smith, Karl and Warren, Scott and Heger, Alexander and Hoffman, R. D. and Rauscher, Thomas and Sakharuk, Alexander and Schatz, Hendrik and Thielemann, F. K. and Wiescher, Michael},
 title = {The Jina Reaclib Database: Its Recent Updates And Impact On Type-I X-Ray Bursts},
 journal = {ApJS},
 keywords = {nuclear reactions, nucleosynthesis, abundances, X-rays: bursts},
 year = {2010},
 month = jun,
 volume = {189},
 number = {1},
 pages = {240-252},
 doi = {10.1088/0067-0049/189/1/240},
 adsurl = {https://ui.adsabs.harvard.edu/abs/2010ApJS..189..240C},
 adsnote = {Provided by the SAO/NASA Astrophysics Data System},
 source = {Crossref},
 url = {https://doi.org/10.1088/0067-0049/189/1/240},
 publisher = {American Astronomical Society},
 issn = {0067-0049, 1538-4365},
}

@article{chakraborty:2014,
 author = {Chakraborty, Manoneeta and Bhattacharyya, Sudip},
 title = {Evidence Of Thermonuclear Flame Spreading On Neutron Stars From Burst Rise Oscillations},
 journal = {ApJ},
 keywords = {methods: data analysis, stars: neutron, X-rays: binaries, X-rays: bursts, X-rays: individual: 4U 1636-536, Astrophysics - High Energy Astrophysical Phenomena},
 year = {2014},
 month = aug,
 volume = {792},
 number = {1},
 eid = {4},
 pages = {4},
 doi = {10.1088/0004-637x/792/1/4},
 archiveprefix = {arXiv},
 eprint = {1407.0845},
 primaryclass = {astro-ph.HE},
 adsurl = {https://ui.adsabs.harvard.edu/abs/2014ApJ...792....4C},
 adsnote = {Provided by the SAO/NASA Astrophysics Data System},
 source = {Crossref},
 url = {https://doi.org/10.1088/0004-637x/792/1/4},
 publisher = {American Astronomical Society},
 issn = {1538-4357},
}

@article{orourke:1979,
 author = {O'Rourke, P.J and Bracco, F.V},
 title = {Two scaling transformations for the numerical computation of multidimensional unsteady laminar flames},
 journal = {J. Comput. Phys.},
 year = {1979},
 volume = {33},
 pages = {185-203},
 doi = {10.1016/0021-9991(79)90015-9},
 number = {2},
 source = {Crossref},
 url = {https://doi.org/10.1016/0021-9991(79)90015-9},
 publisher = {Elsevier BV},
 issn = {0021-9991},
 month = nov,
}

@article{khokhlov:1993,
 author = {Khokhlov, A.},
 title = {Flame Modeling in Supernovae},
 journal = {ApJ},
 keywords = {HYDRODYNAMICS, METHODS: NUMERICAL, STARS: SUPERNOVAE: GENERAL, TURBULENCE},
 year = {1993},
 month = dec,
 volume = {419},
 pages = {L77},
 doi = {10.1086/187141},
 adsurl = {https://ui.adsabs.harvard.edu/abs/1993ApJ...419L..77K},
 adsnote = {Provided by the SAO/NASA Astrophysics Data System},
 source = {Crossref},
 url = {https://doi.org/10.1086/187141},
 publisher = {American Astronomical Society},
 issn = {0004-637X, 1538-4357},
}

@article{ozel2016masses,
 author = {Ãzel, Feryal and Freire, Paulo},
 title = {Masses, Radii, and the Equation of State of Neutron Stars},
 journal = {Annu. Rev. Astron. Astrophys.},
 volume = {54},
 pages = {401-440},
 year = {2016},
 publisher = {Annual Reviews},
 doi = {10.1146/annurev-astro-081915-023322},
 number = {1},
 source = {Crossref},
 url = {https://doi.org/10.1146/annurev-astro-081915-023322},
 issn = {0066-4146, 1545-4282},
 month = sep,
}

@article{mukherjee2015magnetic,
 author = {Mukherjee, Dipanjan and Bult, Peter and van der Klis, Michiel and Bhattacharya, Dipankar},
 title = {The magnetic-field strengths of accreting millisecond pulsars},
 journal = {Mon. Not. R. Astron. Soc.},
 volume = {452},
 number = {4},
 pages = {3994-4012},
 year = {2015},
 publisher = {Oxford University Press (OUP)},
 doi = {10.1093/mnras/stv1542},
 source = {Crossref},
 url = {https://doi.org/10.1093/mnras/stv1542},
 issn = {0035-8711, 1365-2966},
 month = aug,
}

@ARTICLE{eiden:2020,
       author = {{Eiden}, Kiran and {Zingale}, Michael and {Harpole}, Alice and {Willcox}, Donald and {Cavecchi}, Yuri and {Katz}, Max P.},
        title = "{Dynamics of Laterally Propagating Flames in X-Ray Bursts. I. Burning Front Structure}",
      journal = {\apj},
     keywords = {1814, 1131, 1866, 1963, 1965, 767, 1108, 1129, Astrophysics - High Energy Astrophysical Phenomena},
         year = 2020,
        month = may,
       volume = {894},
       number = {1},
          eid = {6},
        pages = {6},
          doi = {10.3847/1538-4357/ab80bc},
archivePrefix = {arXiv},
       eprint = {1912.04956},
 primaryClass = {astro-ph.HE},
       adsurl = {https://ui.adsabs.harvard.edu/abs/2020ApJ...894....6E},
      adsnote = {Provided by the SAO/NASA Astrophysics Data System}
}

@ARTICLE{harpole:2021,
       author = {{Harpole}, A. and {Ford}, N.~M. and {Eiden}, K. and {Zingale}, M. and {Willcox}, D.~E. and {Cavecchi}, Y. and {Katz}, M.~P.},
        title = "{Dynamics of Laterally Propagating Flames in X-Ray Bursts. II. Realistic Burning and Rotation}",
      journal = {\apj},
     keywords = {X-ray bursts, Nucleosynthesis, Open source software, Hydrodynamics, Hydrodynamical simulations, Neutron stars, Computational methods, 1814, 1131, 1866, 1963, 767, 1108, 1965, Astrophysics - High Energy Astrophysical Phenomena},
         year = 2021,
        month = may,
       volume = {912},
       number = {1},
          eid = {36},
        pages = {36},
          doi = {10.3847/1538-4357/abee87},
archivePrefix = {arXiv},
       eprint = {2102.00051},
 primaryClass = {astro-ph.HE},
       adsurl = {https://ui.adsabs.harvard.edu/abs/2021ApJ...912...36H},
      adsnote = {Provided by the SAO/NASA Astrophysics Data System}
}

@article{castro_joss,
  doi = {10.21105/joss.02513},
  url = {https://doi.org/10.21105/joss.02513},
  year = {2020},
  publisher = {The Open Journal},
  volume = {5},
  number = {54},
  pages = {2513},
  author = {Ann Almgren and Maria Barrios Sazo and John Bell and Alice Harpole and Max Katz and Jean Sexton and Donald Willcox and Weiqun Zhang and Michael Zingale},
  title = {CASTRO: A Massively Parallel Compressible Astrophysics Simulation Code},
  journal = {Journal of Open Source Software}
}
