@String{ JCP     = "Journal of Computational Physics"}
@String{ JAS     = "Journal of Atmospheric Sciences"}
@String{ APJ     = "Astrophysical Journal"}
@String{ APJ:sup = "Astrophysical Journal Supplement"}
@String{ AAP     = "Astronomy and Astrophysics"}
@String{ SJSSC   = "SIAM J. Sci. Statist. Comput."}
@String{ CAMCOS  = "Communications in Applied Mathematics and Computational Science"}

@ARTICLE{Ogata_etal09,
   author = {{Ogata}, K. and {Kan}, M. and {Kamimura}, M.},
    title = "{Quantum Three-Body Calculation of the Nonresonant Triple-{$\alpha$} Reaction Rate at Low Temperatures}",
  journal = {Progress of Theoretical Physics},
archivePrefix = "arXiv",
   eprint = {0905.0007},
 primaryClass = "astro-ph.SR",
     year = 2009,
    month = oct,
   volume = 122,
    pages = {1055-1064},
   adsurl = {http://adsabs.harvard.edu/abs/2009PThPh.122.1055O},
  adsnote = {Provided by the SAO/NASA Astrophysics Data System}
}

@ARTICLE{HEGER_ETAL07B,
   author = {{Heger}, A. and {Cumming}, A. and {Woosley}, S.~E.},
    title = "{Millihertz Quasi-periodic Oscillations from Marginally Stable Nuclear Burning on an Accreting Neutron Star}",
  journal = {\apj},
 keywords = {Accretion, Accretion Disks, Stars: Neutron, X-Rays: Bursts},
     year = 2007,
    month = aug,
   volume = 665,
    pages = {1311-1320},
      doi = {10.1086/517491},
   adsurl = {http://adsabs.harvard.edu/abs/2007ApJ...665.1311H},
  adsnote = {Provided by the SAO/NASA Astrophysics Data System}
}


@ARTICLE{OguPhi62,
        author={Y. Ogura and N. A. Phillips},
        title={Scale Analysis of Deep and Shallow Convection in
                the Atmosphere},
        journal=jas,
        volume={19},
        pages={173-179},
        year={1962}
}

@Article{Durran_mono,
  author = {Dale Durran},
  title  = {Atmospheric processes over complex Terrain},
  journal = {Meteorol. Monographs},
  volume = 23,
  number = 45,
  year   = 1990,
  pages = {59 -- 81},
}

@ARTICLE{bryan:1995,
   author = {{Bryan}, G.~L. and {Norman}, M.~L. and {Stone}, J.~M. and {Cen}, R. and
	{Ostriker}, J.~P.},
    title = "{A piecewise parabolic method for cosmological hydrodynamics}",
  journal = {Computer Physics Communications},
     year = 1995,
    month = aug,
   volume = 89,
    pages = {149-168},
      doi = {10.1016/0010-4655(94)00191-4},
   adsurl = {http://adsabs.harvard.edu/abs/1995CoPhC..89..149B},
  adsnote = {Provided by the SAO/NASA Astrophysics Data System}
}

@ARTICLE{castro,
   author = {{Almgren}, A.~S. and {Beckner}, V.~E. and {Bell}, J.~B. and
             {Day}, M.~S. and {Howell}, L.~H. and {Joggerst}, C.~C. and {Lijewski}, M.~J. and
             {Nonaka}, A. and {Singer}, M. and {Zingale}, M.},
    title = "{CASTRO: A New Compressible Astrophysical Solver. I. Hydrodynamics and Self-gravity}",
  journal = {\apj},
archivePrefix = "arXiv",
   eprint = {1005.0114},
 keywords = {equation of state, gravitation, hydrodynamics, methods:
                  numerical, nuclear reactions, nucleosynthesis,
                  abundances },
     year = 2010,
    month = jun,
   volume = 715,
    pages = {1221-1238},
      doi = {10.1088/0004-637X/715/2/1221},
   adsurl = {http://adsabs.harvard.edu/abs/2010ApJ...715.1221A},
  adsnote = {Provided by the SAO/NASA Astrophysics Data System}
}

@ARTICLE{flash,
    author = {{Fryxell}, B. and {Olson}, K. and {Ricker}, P. and
              {Timmes}, F.~X. and {Zingale}, M. and {Lamb}, D.~Q. and
              {MacNeice}, P. and {Rosner}, R. and {Truran}, J.~W. and
              {Tufo}, H.},
    title = {{FLASH}: An Adaptive Mesh Hydrodynamics Code for Modeling Astrophysical Thermonuclear Flashes},
    journal = {\apjs},
    year = 2000,
    month = nov,
    volume = 131,
    pages = {273--334},
}


@BOOK{Bou03,
        author={J. Boussinesq},
        title={Theorie analytique de la chaleur},
        publisher={Gauthier-Villars, Paris},
        volume={2},
        year={1903}
}

@Article{caughlan-fowler:1988,
  author = {G. R. Caughlan and W. A. Fowler},
  title = {Thermonuclear Reaction Rates {V}},
  year = {1988},
  journal = {Atomic Data and Nuclear Data Tables},
  volume = {40},
  number = {2},
  pages = {283--334},
  note = {see also \url{http://www.phy.ornl.gov/astrophysics/data/cf88/index.html}}
}

@Article{Bell:2004,
  author  =      {J.~B. Bell and M.~S. Day and C.~A. Rendleman and
                  S.~E. Woosley and M.~A. Zingale},
  title   =      {Adaptive low {M}ach number simulations of nuclear flame microphysics},
  journal =      {Journal of Computational Physics},
  year    =      {2004},
  volume  =      {195},
  number  =      {2},
  pages   =      {677-694}
}

@ARTICLE{almgren:2000,
        AUTHOR = {A. Almgren},
        TITLE = {A New Look at the Pseudo-incompressible Solution to
                 {L}amb's problem of Hydrostatic Adjustment},
        JOURNAL = JAS,
        VOLUME = {57},
        MONTH =	Apr,
        YEAR = {2000},
        PAGES = {995--998}
}


@Article{timmes_swesty:2000,
   author = {{Timmes}, F.~X. and {Swesty}, F.~D.},
    title = "{The Accuracy, Consistency, and Speed of an Electron-Positron Equation of State Based on Table Interpolation of the Helmholtz Free Energy}",
  journal = {\apjs},
 keywords = {EQUATION OF STATE, HYDRODYNAMICS, METHODS: NUMERICAL, STARS: GENERAL, Equation of State, Hydrodynamics, Methods: Numerical, Stars: General},
     year = 2000,
    month = feb,
   volume = 126,
    pages = {501-516},
      doi = {10.1086/313304},
   adsurl = {http://adsabs.harvard.edu/abs/2000ApJS..126..501T},
  adsnote = {Provided by the SAO/NASA Astrophysics Data System},
  note =         {Source code obtained from {\tt http://cococubed.asu.edu/codes/eos.shtml/helmholtz.tbz}}

}



@PHDTHESIS{Lin:2005,
    AUTHOR = {David J. Lin},
    TITLE = {Implementing the Low Mach Number Approximation for Multidimensional Hydrodynamical
Modeling of Type I X-Ray Bursts},
    SCHOOL = {Field of Physics and Astronomy, Northwestern University},
    YEAR = 2005,
    MONTH = {May}
}

@ARTICLE{ABRZ:I,
   author = {A. S. Almgren and J. B. Bell and C. A. Rendleman and M. Zingale},
    title = {Low Mach Number Modeling of Type Ia Supernovae. I. Hydrodynamics},
  journal = {\apj},
     year = 2006,
   volume = 637,
    pages = {922-936},
    month = feb,
     note = {paper I}
}

@ARTICLE{ABRZ:II,
   author = {A. S. Almgren and J. B. Bell and C. A. Rendleman and M. Zingale},
    title = {Low Mach Number Modeling of Type Ia Supernovae. II. Energy Evolution},
  journal = {\apj},
     year = 2006,
   volume = 649,
    pages = {927-938},
    month = oct,
     note = {paper II}
}

@ARTICLE{ABNZ:III,
   author = {A. S. Almgren and J. B. Bell and A. Nonaka and M. Zingale},
    title = {Low Mach Number Modeling of Type Ia Supernovae. III. Reactions},
  journal = {\apj},
     year = {2008},
    month = {sep},
   volume = {684},
    pages = {449-470},
     note = {paper III}
}

@ARTICLE{ZABNW:IV,
   author = {M. Zingale and A. S. Almgren and J. B. Bell and A. Nonaka and S. E. Woosley},
    title = {Low Mach Number Modeling of {T}ype {Ia} Supernovae. {IV}. {W}hite Dwarf Convection},
  journal = APJ,
     year = 2009,
   volume = 704,
    pages = {196-210}
}

@ARTICLE{MAESTRO:Multilevel,
   author = {A. Nonaka and A. S. Almgren and J. B. Bell and M. J. Lijewski and C. M. Malone and M. Zingale},
    title = {{\tt MAESTRO}:An Adaptive Low Mach Number Hydrodynamics Algorithm for Stellar Flows},
  journal = {\apjs},
     year = {2010},
   volume = {188},
    pages = {358-383},
     note = {paper V}
}

@ARTICLE{schwarzschildharm,
   author = {{Schwarzschild}, M. and {H{\"a}rm}, R.},
    title = "{Therma Instability in Non-Degenerate Stars.}",
  journal = {\apj},
     year = 1965,
    month = oct,
   volume = 142,
    pages = {855-+},
   adsurl = {http://adsabs.harvard.edu/cgi-bin/nph-bib_query?bibcode=1965ApJ...142..855S&db_key=AST},
  adsnote = {Provided by the Smithsonian/NASA Astrophysics Data System}
}

@ARTICLE{Lin:2006,
   author = {{Lin}, D.~J. and {Bayliss}, A. and {Taam}, R.~E.},
    title = "{Low Mach Number Modeling of Type I X-Ray Burst Deflagrations}",
  journal = {\apj},
   eprint = {astro-ph/0606207},
 keywords = {Convection, Hydrodynamics, Methods: Numerical, Stars: Neutron, X-Rays: Bursts},
     year = 2006,
    month = dec,
   volume = 653,
    pages = {545-557},
      doi = {10.1086/508863},
   adsurl = {http://adsabs.harvard.edu/abs/2006ApJ...653..545L},
  adsnote = {Provided by the SAO/NASA Astrophysics Data System}
}


@ARTICLE{CUMM_ETAL06,
   author = {{Cumming}, A. and {Macbeth}, J. and {in 't Zand}, J.~J.~M. and {Page}, D.},
    title = "{Long Type I X-Ray Bursts and Neutron Star Interior Physics}",
  journal = APJ,
     year = 2006,
    month = jul,
   volume = 646,
    pages = {429-451}
}

@INPROCEEDINGS{WOO_WEAV84,
   author    = {{Woosley}, S.~E. and {Weaver}, T.~A.},
   title     = "{Repeated Thermonuclear Flashes on an Accreting Neutron Star}",
   booktitle = {American Institute of Physics Conference Series},
   pages     = {273-+},
   year      = 1984,
   editor    = {{Woosley}, S.~E.},
   volume    = 115,
   series    = {American Institute of Physics Conference Series}
}

@ARTICLE{TAAM_ETAL93,
   author  = {{Taam}, R.~E. and {Woosley}, S.~E. and {Weaver}, T.~A. and {Lamb}, D.~Q.},
   title   = "{Successive X-ray bursts from accreting neutron stars}",
   journal = {\apj},
   year    = 1993,
   volume  = 413,
   pages   = {324-332},
   month   = aug
}

@ARTICLE{HEG_ETAL07,
   author  = {{Heger}, A. and {Cumming}, A. and {Galloway}, D.~K. and {Woosley}, S.~E.},
   title   = "{Models of Type I X-Ray Bursts from GS 1826-24: A Probe of rp-Process Hydrogen Burning}",
   journal = {\apj},
   year    = 2007,
   volume  = 671,
   pages   = {L141-L144},
   month   = dec
}

@InBook{STRO_BILD06,
   author = {{Strohmayer}, T. and {Bildsten}, L.},
   editor = {{Lewin}, W.~H.~G and {van der Klis}, M.},
   title = {Compact Stellar X-Ray Sources},
   publisher = {Cambridge: Cambridge Univ. Press},
   year = 2006,
   pages = {113-+}
}

@ARTICLE{SHARA82,
   author = {{Shara}, M.~M.},
   title = "{Localized thermonuclear runaways and volcanoes on degenerate dwarf stars}",
   journal = {\apj},
   volume = 261,
   pages = {649-660},
   month = oct,
   year = 1982
}

@ARTICLE{ZINGALE_ETAL01,
   author = {{Zingale}, M. and {Timmes}, F.~X. and {Fryxell}, B. and {Lamb}, D.~Q. and {Olson}, K. and {Calder}, A.~C. and {Dursi}, L.~J. and {Ricker}, P. and {Rosner}, R. and {MacNeice}, P. and {Tufo}, H.~M.},
   title = "{Helium Detonations on Neutron Stars}",
   journal = APJ:sup,
   year = 2001,
   volume = 133,
   pages = {195-220},
   month = mar
}

@ARTICLE{spitkovsky2002,
   author = {{Spitkovsky}, A. and {Levin}, Y. and {Ushomirsky}, G.},
    title = "{Propagation of Thermonuclear Flames on Rapidly Rotating Neutron Stars: Extreme Weather during Type I X-Ray Bursts}",
  journal = {\apj},
   eprint = {astro-ph/0108074},
 keywords = {Accretion, Accretion Disks, Hydrodynamics, Instabilities, Nuclear Reactions, Nucleosynthesis, Abundances, Stars: Neutron, X-Rays: Bursts},
     year = 2002,
    month = feb,
   volume = 566,
    pages = {1018-1038},
      doi = {10.1086/338040},
   adsurl = {http://adsabs.harvard.edu/abs/2002ApJ...566.1018S},
  adsnote = {Provided by the SAO/NASA Astrophysics Data System}
}

@Article{STRO_ETAL96,
  author =       {{Strohmayer}, T.~E. and {Zhang}, W. and {Swank}, J.~H. and {Smale}, A. and {Titarchuk}, L. and {Day}, C. and {Lee}, U.},
  title =        "{Millisecond X-Ray Variability from an Accreting Neutron Star System}",
  journal =      {\apjl},
  year =         {1996},
  volume =       {469},
  pages =        {L9+},
  month =        {sep}
}

@ARTICLE{NAR_COOP07,
   author = {{Narayan}, R. and {Cooper}, R.~L.},
    title = "{Generation of Type I X-Ray Burst Oscillations by Unstable Surface Modes}",
  journal = {\apj},
   eprint = {arXiv:astro-ph/0702690},
 keywords = {Accretion, Accretion Disks, Stars: Neutron, X-Rays: Binaries, X-Rays: Bursts},
     year = 2007,
    month = aug,
   volume = 665,
    pages = {628-636},
      doi = {10.1086/519552},
   adsurl = {http://adsabs.harvard.edu/abs/2007ApJ...665..628N},
  adsnote = {Provided by the SAO/NASA Astrophysics Data System}
}

@ARTICLE{SWE_MYRA09,
   author = {{Swesty}, F.~D. and {Myra}, E.~S.},
    title = "{A Numerical Algorithm for Modeling Multigroup Neutrino-Radiation Hydrodynamics in Two Spatial Dimensions}",
  journal = {\apjs},
 keywords = {hydrodynamics, radiative transfer, methods: numerical, supernovae: general, stars: interiors},
     year = 2009,
    month = mar,
   volume = 181,
    pages = {1-52},
      doi = {10.1088/0067-0049/181/1/1},
   adsurl = {http://adsabs.harvard.edu/abs/2009ApJS..181....1S},
  adsnote = {Provided by the SAO/NASA Astrophysics Data System}
}

@ARTICLE{BHATTA10,
   author = {{Bhattacharyya}, S.},
    title = "{Measurement of neutron star parameters: a review of methods for low-mass X-ray binaries}",
  journal = {ArXiv e-prints 1001.1642},
archivePrefix = "arXiv",
   eprint = {1001.1642},
 keywords = {Astrophysics - High Energy Astrophysical Phenomena, Astrophysics - Galaxy Astrophysics},
     year = 2010,
    month = jan,
   adsurl = {http://adsabs.harvard.edu/abs/2010arXiv1001.1642B},
  adsnote = {Provided by the SAO/NASA Astrophysics Data System}
}

@INPROCEEDINGS{BILDSTEN00,
   author = {{Bildsten}, L.},
    title = "{Theory and observations of Type I X-Ray bursts from neutron stars}",
 keywords = {X-ray sources (astronomical), neutron stars, nuclear fusion, stellar internal processes, stellar radiation, accretion, stellar rotation, brightness},
booktitle = {American Institute of Physics Conference Series},
     year = 2000,
   series = {American Institute of Physics Conference Series},
   volume = 522,
   editor = "{S.~S.~Holt \& W.~W.~Zhang}",
    month = jun,
    pages = {359-369},
      doi = {10.1063/1.1291736},
   adsurl = {http://adsabs.harvard.edu/abs/2000AIPC..522..359B},
  adsnote = {Provided by the SAO/NASA Astrophysics Data System}
}

@ARTICLE{MUNO_ETAL02,
   author = {{Muno}, M.~P. and {Chakrabarty}, D. and {Galloway}, D.~K. and
        {Psaltis}, D.},
    title = "{The Frequency Stability of Millisecond Oscillations in Thermonuclear X-Ray Bursts}",
  journal = {\apj},
   eprint = {arXiv:astro-ph/0204320},
 keywords = {Stars: Neutron, X-Rays: Bursts, X-Rays: Stars},
     year = 2002,
    month = dec,
   volume = 580,
    pages = {1048-1059},
      doi = {10.1086/343793},
   adsurl = {http://adsabs.harvard.edu/abs/2002ApJ...580.1048M},
  adsnote = {Provided by the SAO/NASA Astrophysics Data System}
}

@ARTICLE{BOHM-VITENSE58,
   author = {{B{\"o}hm-Vitense}, E.},
    title = "{{\"U}ber die Wasserstoffkonvektionszone in Sternen verschiedener Effektivtemperaturen und Leuchtkr{\"a}fte. Mit 5 Textabbildungen}",
  journal = {Zeitschrift fur Astrophysik},
     year = 1958,
   volume = 46,
    pages = {108-+},
   adsurl = {http://adsabs.harvard.edu/abs/1958ZA.....46..108B},
  adsnote = {Provided by the SAO/NASA Astrophysics Data System}
}

@ARTICLE{HEGER_ETAL00,
   author = {{Heger}, A. and {Langer}, N. and {Woosley}, S.~E.},
    title = "{Presupernova Evolution of Rotating Massive Stars. I. Numerical Method and Evolution of the Internal Stellar Structure}",
  journal = {\apj},
   eprint = {arXiv:astro-ph/9904132},
 keywords = {HYDRODYNAMICS, METHODS: NUMERICAL, STARS EARLY-TYPE, STARS: EVOLUTION, STARS: INTERIORS, STARS ROTATION},
     year = 2000,
    month = jan,
   volume = 528,
    pages = {368-396},
      doi = {10.1086/308158},
   adsurl = {http://adsabs.harvard.edu/abs/2000ApJ...528..368H},
  adsnote = {Provided by the SAO/NASA Astrophysics Data System}
}

@ARTICLE{ARNETT_ETAL09,
   author = {{Arnett}, W.~D. and {Meakin}, C. and {Young}, P.~A.},
    title = "{Convection Theory and Sub-photospheric Stratification}",
  journal = {ArXiv e-prints 0910.0821},
archivePrefix = "arXiv",
   eprint = {0910.0821},
 keywords = {Astrophysics - Solar and Stellar Astrophysics},
     year = 2009,
    month = oct,
   adsurl = {http://adsabs.harvard.edu/abs/2009arXiv0910.0821A},
  adsnote = {Provided by the SAO/NASA Astrophysics Data System}
}

@INPROCEEDINGS{ARNETT_ETAL08,
   author = {{Arnett}, D. and {Meakin}, C. and {Starrfield}, S. and {Timmes}, F. and
        {Young}, P.},
    title = "{Theory and Numerics: New Results on Convection in Stars}",
 keywords = {stellar evolution, convection, hydrodynamics, stellar atmospheres, stars},
booktitle = {Evolution and Nucleosynthesis in AGB Stars},
     year = 2008,
   series = {American Institute of Physics Conference Series},
   volume = 1001,
   editor = "{R.~Guandalini, S.~Palmerini, \& M.~Busso}",
    month = apr,
    pages = {287-294},
      doi = {10.1063/1.2916977},
   adsurl = {http://adsabs.harvard.edu/abs/2008AIPC.1001..287A},
  adsnote = {Provided by the SAO/NASA Astrophysics Data System}
}

@ARTICLE{fryxellwoosley82,
   author = {{Fryxell}, B.~A. and {Woosley}, S.~E.},
    title = "{A two-dimensional model for gamma-ray bursts}",
  journal = {\apj},
 keywords = {Gamma Ray Bursts, Magnetohydrodynamic Flow, Neutron Stars, Stellar Mass Accretion, Thermonuclear Reactions, Two Dimensional Models, Detonation Waves, Helium, Hydrogen, Stellar Atmospheres, Stellar Models},
     year = 1982,
    month = jul,
   volume = 258,
    pages = {733-739},
      doi = {10.1086/160121},
   adsurl = {http://adsabs.harvard.edu/abs/1982ApJ...258..733F},
  adsnote = {Provided by the SAO/NASA Astrophysics Data System}
}

@ARTICLE{FRY_WOOS_PROPAGATION_82,
   author = {{Fryxell}, B.~A. and {Woosley}, S.~E.},
    title = "{Finite propagation time in multidimensional thermonuclear runaways}",
  journal = {\apj},
 keywords = {DWARF NOVAE, GAMMA RAY BURSTS, NEUTRON STARS, STELLAR ENVELOPES, THERMONUCLEAR REACTIONS, X RAY SOURCES, HELIUM, PROPAGATION VELOCITY, SURFACE LAYERS, TIME RESPONSE, WHITE DWARF STARS},
     year = 1982,
    month = oct,
   volume = 261,
    pages = {332-336},
      doi = {10.1086/160344},
   adsurl = {http://adsabs.harvard.edu/abs/1982ApJ...261..332F},
  adsnote = {Provided by the SAO/NASA Astrophysics Data System}
}


@ARTICLE{ZINGALE_ETAL09,
   author = {{Zingale}, M. and {Almgren}, A.~S. and {Bell}, J.~B. and {Nonaka}, A. and
        {Woosley}, S.~E.},
    title = "{Low Mach Number Modeling of Type IA Supernovae. IV. White Dwarf Convection}",
  journal = {\apj},
archivePrefix = "arXiv",
   eprint = {0908.2668},
 keywords = {convection, hydrodynamics, methods: numerical, nuclear reactions, nucleosynthesis, abundances, supernovae: general, white dwarfs},
     year = 2009,
    month = oct,
   volume = 704,
    pages = {196-210},
      doi = {10.1088/0004-637X/704/1/196},
   adsurl = {http://adsabs.harvard.edu/abs/2009ApJ...704..196Z},
  adsnote = {Provided by the SAO/NASA Astrophysics Data System},
     note = {paper IV}
}

@ARTICLE{CFL,
   author = {{Courant}, R. and {Friedrichs}, K. and {Lewy}, H.},
    title = "{\"Uber die pariellen Differenzegleichungen der mathematischen Physik}",
  journal = {Mathematische Annalen},
     year = 1928,
   volume = 100,
   number = 1,
    pages = {32-74}
}

@ARTICLE{Timmes00,
   author = {{Timmes}, F.~X.},
    title = "{Physical Properties of Laminar Helium Deflagrations}",
  journal = {\apj},
 keywords = {HYDRODYNAMICS, METHODS: NUMERICAL, NUCLEAR REACTIONS, NUCLEOSYNTHESIS, ABUNDANCES, STARS: INTERIORS, Hydrodynamics, Methods: Numerical, nuclear reactions, nucleosynthesis; abundances, Stars: Interiors},
     year = 2000,
    month = jan,
   volume = 528,
    pages = {913-945},
      doi = {10.1086/308203},
   adsurl = {http://adsabs.harvard.edu/abs/2000ApJ...528..913T},
  adsnote = {Provided by the SAO/NASA Astrophysics Data System}
}


@ARTICLE{CUMMING_BILDSTEN_00,
   author = {{Cumming}, A. and {Bildsten}, L.},
    title = "{Rotational Evolution during Type I X-Ray Bursts}",
  journal = {\apj},
   eprint = {arXiv:astro-ph/0004347},
 keywords = {Accretion, Accretion Disks, Nuclear Reactions, Nucleosynthesis, Abundances, Stars: Neutron, Stars: Rotation, X-Rays: Bursts},
     year = 2000,
    month = nov,
   volume = 544,
    pages = {453-474},
      doi = {10.1086/317191},
   adsurl = {http://adsabs.harvard.edu/abs/2000ApJ...544..453C},
  adsnote = {Provided by the SAO/NASA Astrophysics Data System}
}

@ARTICLE{Kepler,
   author = {{Weaver}, T.~A. and {Zimmerman}, G.~B. and {Woosley}, S.~E.},
    title = "{Presupernova evolution of massive stars}",
  journal = {\apj},
 keywords = {ASTRONOMICAL MODELS, NUCLEAR FUSION, STELLAR EVOLUTION, STELLAR MASS, STELLAR STRUCTURE, SUPERNOVAE, ABUNDANCE, GIANT STARS, GRAVITATIONAL COLLAPSE, HYDROSTATICS, SILICON},
     year = 1978,
    month = nov,
   volume = 225,
    pages = {1021-1029},
      doi = {10.1086/156569},
   adsurl = {http://adsabs.harvard.edu/abs/1978ApJ...225.1021W},
  adsnote = {Provided by the SAO/NASA Astrophysics Data System}
}

@ARTICLE{CUMMING_03,
   author = {{Cumming}, A.},
    title = "{Models of Type I X-Ray Bursts from 4U 1820-30}",
  journal = {\apj},
   eprint = {arXiv:astro-ph/0306245},
 keywords = {Accretion, Accretion Disks, Stars: Individual: Alphanumeric: 4U 1820-30, Stars: Neutron, X-Rays: Bursts},
     year = 2003,
    month = oct,
   volume = 595,
    pages = {1077-1085},
      doi = {10.1086/377446},
   adsurl = {http://adsabs.harvard.edu/abs/2003ApJ...595.1077C},
  adsnote = {Provided by the SAO/NASA Astrophysics Data System}
}

@ARTICLE{FL87_XRB,
   author = {{Fushiki}, I. and {Lamb}, D.~Q.},
    title = "{New insights from a global view of X-ray bursts}",
  journal = {\apjl},
 keywords = {NEUTRON STARS, STELLAR MASS ACCRETION, STELLAR TEMPERATURE, X RAY SOURCES, ASTRONOMICAL MODELS, NUCLEAR FUELS, NUCLEAR REACTIONS},
     year = 1987,
    month = dec,
   volume = 323,
    pages = {L55-L60},
      doi = {10.1086/185056},
   adsurl = {http://adsabs.harvard.edu/abs/1987ApJ...323L..55F},
  adsnote = {Provided by the SAO/NASA Astrophysics Data System}
}

@ARTICLE{ppm-hse,
   author = {{Zingale}, M. and {Dursi}, L.~J. and {ZuHone}, J. and {Calder}, A.~C. and
	{Fryxell}, B. and {Plewa}, T. and {Truran}, J.~W. and {Caceres}, A. and
	{Olson}, K. and {Ricker}, P.~M. and {Riley}, K. and {Rosner}, R. and
	{Siegel}, A. and {Timmes}, F.~X. and {Vladimirova}, N.},
    title = "{Mapping Initial Hydrostatic Models in Godunov Codes}",
  journal = {\apjs},
   eprint = {astro-ph/0208031},
 keywords = {Hydrodynamics, Methods: Numerical, Stellar Dynamics},
     year = 2002,
    month = dec,
   volume = 143,
    pages = {539-565},
      doi = {10.1086/342754},
   adsurl = {http://adsabs.harvard.edu/abs/2002ApJS..143..539Z},
  adsnote = {Provided by the SAO/NASA Astrophysics Data System}
}


@ARTICLE{pember_etal:1998,
   author = {{Pember}, R.~B. and {Howell}, L.~H. and {Bell}, J.~B. and {Colella}, P. and {Crutchfield}, C.~Y. and {Fiveland}, W.~A. and {Jessee}, J.~P.},
    title = "{An Adaptive Projection Method for Unsteady, Low-Mach Number Combustion}",
  journal = {Combustion Science and Technology},
     year = 1998,
   volume = 140,
    pages = {123-168}
}

@ARTICLE{Graboske_etal:1973,
   author = {{Graboske}, H.~C. and {Dewitt}, H.~E. and {Grossman}, A.~S. and {Cooper}, M.~S.},
    title = "{Screening Factors for Nuclear Reactions. 11. Intermediate Screen-Ing and Astrophysical Applications}",
  journal = {\apj},
     year = 1973,
    month = apr,
   volume = 181,
    pages = {457-474},
      doi = {10.1086/152062},
   adsurl = {http://adsabs.harvard.edu/abs/1973ApJ...181..457G},
  adsnote = {Provided by the SAO/NASA Astrophysics Data System}
}

@ARTICLE{Alastuey_Jancovici:1978,
   author = {{Alastuey}, A. and {Jancovici}, B.},
    title = "{Nuclear reaction rate enhancement in dense stellar matter}",
  journal = {\apj},
 keywords = {ASTROPHYSICS, MAGNETOHYDRODYNAMICS, NUCLEAR ASTROPHYSICS, REACTION KINETICS, THERMONUCLEAR REACTIONS, CORRELATION, NUCLEI (NUCLEAR PHYSICS), PERTURBATION THEORY, POTENTIAL THEORY, QUANTUM MECHANICS},
     year = 1978,
    month = dec,
   volume = 226,
    pages = {1034-1040},
      doi = {10.1086/156681},
   adsurl = {http://adsabs.harvard.edu/abs/1978ApJ...226.1034A},
  adsnote = {Provided by the SAO/NASA Astrophysics Data System}
}

@ARTICLE{ALTAMIRANO_ETAL10,
   author = {{Altamirano}, D. and {Watts}, A. and {Linares}, M. and {Markwardt}, C.~B. and {Strohmayer}, T. and {Patruno}, A.},
    title = "{Type I X-ray bursts and burst oscillations in the accreting millisecond X-ray pulsar IGR J17511-3057}",
  journal = {ArXiv e-prints},
archivePrefix = "arXiv",
   eprint = {1005.5299},
 keywords = {Astrophysics - High Energy Astrophysical Phenomena},
     year = 2010,
    month = may,
   adsurl = {http://adsabs.harvard.edu/abs/2010arXiv1005.5299A},
  adsnote = {Provided by the SAO/NASA Astrophysics Data System}
}



@BOOK{CoxGiuli,
   author = {{Cox}, J.~P. and {Giuli}, R.~T.},
    title = "{Principles of stellar structure}",
 keywords = {STARS: STRUCTURE},
booktitle = {New York, Gordon and Breach [1968]},
     year = 1968,
   editor = "{Cox, J.~P.~\& Giuli, R.~T.}",
   adsurl = {http://adsabs.harvard.edu/abs/1968QB801.C65......},
  adsnote = {Provided by the SAO/NASA Astrophysics Data System}
}

@article{Kesel_Win72,
author = {Kesel, Philip G. and Winninghoff, Francis J.},
title = {The Fleet Numerical Weather Central Operational Primitive-Equation Model},
journal = {Monthly Weather Review},
volume = {100},
number = {5},
pages = {360-373},
year = {1972},
doi = {10.1175/1520-0493(1972)100<0360:TFNWCO>2.3.CO;2},
URL = {http://journals.ametsoc.org/doi/abs/10.1175/1520-0493\%281972\%29100\%3C0360\%3ATFNWCO\%3E2.3.CO\%3B2},
eprint = {http://journals.ametsoc.org/doi/pdf/10.1175/1520-0493\%281972\%29100\%3C0360\%3ATFNWCO\%3E2.3.CO\%3B2}
}

@article{Perkey_Kreit76,
author = {Perkey, Donald J. and Kreitzberg, Carl W.},
title = {A Time-Dependent Lateral Boundary Scheme for Limited-Area Primitive Equation Models},
journal = {Monthly Weather Review},
volume = {104},
number = {6},
pages = {744-755},
year = {1976},
doi = {10.1175/1520-0493(1976)104<0744:ATDLBS>2.0.CO;2},
URL = {http://journals.ametsoc.org/doi/abs/10.1175/1520-0493\%281976\%29104\%3C0744\%3AATDLBS\%3E2.0.CO\%3B2},
eprint = {http://journals.ametsoc.org/doi/pdf/10.1175/1520-0493\%281976\%29104\%3C0744\%3AATDLBS\%3E2.0.CO\%3B2}
}

@article{Durran_Klemp83,
author = {Durran, Dale R. and Klemp, Joseph B.},
title = {A Compressible Model for the Simulation of Moist Mountain Waves},
journal = {Monthly Weather Review},
volume = {111},
number = {12},
pages = {2341-2361},
year = {1983},
doi = {10.1175/1520-0493(1983)111<2341:ACMFTS>2.0.CO;2},
URL = {http://journals.ametsoc.org/doi/abs/10.1175/1520-0493\%281983\%29111\%3C2341\%3AACMFTS\%3E2.0.CO\%3B2},
eprint = {http://journals.ametsoc.org/doi/pdf/10.1175/1520-0493\%281983\%29111\%3C2341\%3AACMFTS\%3E2.0.CO\%3B2}
}

@article{Chen_etal05,
author = {Chen, Chih-Chieh and Durran, Dale R. and Hakim, Gregory J.},
title = {Mountain-Wave Momentum Flux in an Evolving Synoptic-Scale Flow},
journal = {Journal of the Atmospheric Sciences},
volume = {62},
number = {9},
pages = {3213-3231},
year = {2005},
doi = {10.1175/JAS3543.1},
URL = {http://journals.ametsoc.org/doi/abs/10.1175/JAS3543.1},
eprint = {http://journals.ametsoc.org/doi/pdf/10.1175/JAS3543.1}
}

@BOOK{Kipp_Weigert,
   author = {{Kippenhahn}, R. and {Weigert}, A.},
    title = "{Stellar Structure and Evolution}",
 keywords = {SONNE, STERNENTWICKLUNG, STERNAUFBAU, STERNE, STELLAR STRUCTURE, STELLAR EVOLUTION, Sonne, Sternaufbau, Sterne, Sternentwicklung, stars, stellar models, sun},
booktitle = {Stellar Structure and Evolution, XVI, 468 pp.~192 figs..~ Springer-Verlag Berlin Heidelberg New York.~Also Astronomy and Astrophysics Library},
     year = 1994,
   editor = "{Kippenhahn, R.~\& Weigert, A.}",
   adsurl = {http://adsabs.harvard.edu/abs/1994sse..book.....K},
  adsnote = {Provided by the SAO/NASA Astrophysics Data System}
}

@ARTICLE{xrb,
   author = {{Malone}, C.~M. and {Nonaka}, A. and {Almgren}, A.~S. and {Bell}, J.~B. and
{Zingale}, M.},
    title = "{Multidimensional Modeling of Type I X-ray Bursts. I. Two-dimensional Convection Prior to the Outburst of a Pure $^{4}$He Accretor}",
  journal = {\apj},
archivePrefix = "arXiv",
   eprint = {1012.0609},
 primaryClass = "astro-ph.HE",
 keywords = {convection, hydrodynamics, methods: numerical, stars: neutron, X-rays: bursts},
     year = 2011,
    month = feb,
   volume = 728,
      eid = {118},
    pages = {118},
      doi = {10.1088/0004-637X/728/2/118},
   adsurl = {http://adsabs.harvard.edu/abs/2011ApJ...728..118M},
  adsnote = {Provided by the SAO/NASA Astrophysics Data System}
}


@ARTICLE{subchandra,
   author = {{Zingale}, M. and {Nonaka}, A. and {Almgren}, A.~S. and {Bell}, J.~B. and
{Malone}, C.~M. and {Orvedahl}, R.~J.},
title = "{Low Mach Number Modeling of Convection in Helium Shells on Sub-Chandrasekhar White Dwarfs. I. Methodology}",
  journal = {\apj},
archivePrefix = "arXiv",
   eprint = {1212.4380},
 primaryClass = "astro-ph.SR",
 keywords = {convection, hydrodynamics, methods: numerical, nuclear reactions, nucleosynthesis, abundances, supernovae: general, white dwarfs },
     year = 2013,
    month = feb,
   volume = 764,
      eid = {97},
    pages = {97},
      doi = {10.1088/0004-637X/764/1/97},
   adsurl = {http://adsabs.harvard.edu/abs/2013ApJ...764...97Z},
  adsnote = {Provided by the SAO/NASA Astrophysics Data System}
}

@ARTICLE{wdconvect,
   author = {{Zingale}, M. and {Nonaka}, A. and {Almgren}, A.~S. and {Bell}, J.~B. and
	{Malone}, C.~M. and {Woosley}, S.~E.},
    title = "{The Convective Phase Preceding Type Ia Supernovae}",
  journal = {\apj},
 keywords = {convection, hydrodynamics, methods: numerical, nuclear reactions, nucleosynthesis, abundances, supernovae: general, white dwarfs},
     year = 2011,
    month = oct,
   volume = 740,
      eid = {8},
    pages = {8},
      doi = {10.1088/0004-637X/740/1/8},
   adsurl = {http://adsabs.harvard.edu/abs/2011ApJ...740....8Z},
  adsnote = {Provided by the SAO/NASA Astrophysics Data System}
}


@ARTICLE{wdturb,
   author = {{Nonaka}, A. and {Aspden}, A.~J. and {Zingale}, M. and {Almgren}, A.~S. and
{Bell}, J.~B. and {Woosley}, S.~E.},
    title = "{High-resolution Simulations of Convection Preceding Ignition in Type Ia Supernovae Using Adaptive Mesh Refinement}",
  journal = {\apj},
archivePrefix = "arXiv",
   eprint = {1111.3086},
 primaryClass = "astro-ph.HE",
 keywords = {convection, hydrodynamics, methods: numerical, nuclear reactions, nucleosynthesis, abundances, supernovae: general, white dwarfs},
     year = 2012,
    month = jan,
   volume = 745,
      eid = {73},
    pages = {73},
      doi = {10.1088/0004-637X/745/1/73},
   adsurl = {http://adsabs.harvard.edu/abs/2012ApJ...745...73N},
  adsnote = {Provided by the SAO/NASA Astrophysics Data System}
}



@ARTICLE{wallacewoosley:1981,
   author = {{Wallace}, R.~K. and {Woosley}, S.~E.},
    title = "{Explosive hydrogen burning}",
  journal = {\apjs},
 keywords = {ABUNDANCE, ASTROPHYSICS, HYDROGEN, METALLIC STARS, NUCLEAR FUSION, REACTION KINETICS, STELLAR EVOLUTION, GAMMA RAYS, HIGH TEMPERATURE, ISOTOPES, NEUTRON STARS, NOVAE, RESONANCE, SUPERMASSIVE STARS, X RAY SOURCES},
     year = 1981,
    month = feb,
   volume = 45,
    pages = {389-420},
      doi = {10.1086/190717},
   adsurl = {http://adsabs.harvard.edu/abs/1981ApJS...45..389W},
  adsnote = {Provided by the SAO/NASA Astrophysics Data System}
}

@ARTICLE{lewin81,
   author = {{Lewin}, W.~H.~G. and {Joss}, P.~C.},
    title = "{X-ray bursters and the X-ray sources of the galactic bulge}",
  journal = {Space Science Reviews},
     year = 1981,
   volume = 28,
    pages = {3-87}
}

@ARTICLE{lewin93,
   author = {{Lewin}, W.~H.~G. and {van Paradijs}, J. and {Taam}, R.~E.},
    title = "{X-Ray Bursts}",
  journal = {Space Science Reviews},
     year = 1993,
   volume = 62,
    pages = {223}
}

@INPROCEEDINGS{strohmayerbildsten2003,
   author = {{Strohmayer}, T. and {Bildsten}, L.},
    title = "{New Views of Thermonuclear Bursts}",
booktitle = {Compact Stellar X-Ray Sources},
   editor = {{Lewin}, W.~H.~G. and {van der Klis}, M.},
  address = {Cambridge},
  publisher = {Cambridge University Press},
     year = 2005
}

@ARTICLE{fujimoto1981,
   author = {{Fujimoto}, M.~Y. and {Hanawa}, T. and {Miyaji}, S.},
    title = "{Shell flashes on accreting neutron stars and X-ray bursts}",
  journal = APJ,
 keywords = {NEUTRON STARS, NUCLEAR REACTIONS, STELLAR MASS ACCRETION, STELLAR\
 RADIATION, THERMAL STABILITY, X RAY SOURCES, CARBON, HELIUM, HYDROGEN, NITROG\
EN, OXYGEN},
     year = 1981,
   volume = 247,
    pages = {267-278},
      doi = {10.1086/159034},
   adsurl = {http://adsabs.harvard.edu/abs/1981ApJ...247..267F},
  adsnote = {Provided by the SAO/NASA Astrophysics Data System}
}

@ARTICLE{rpprocess,
   author = {{Schatz}, H. and {Aprahamian}, A. and {Barnard}, V. and {Bildsten}, L. and
{Cumming}, A. and {Ouellette}, M. and {Rauscher}, T. and {Thielemann}, {F.-K.} and
{Wiescher}, M.},
    title = "{End Point of the rp Process on Accreting Neutron Stars}",
  journal = {Physical Review Letters},
   eprint = {arXiv:astro-ph/0102418},
     year = 2001,
    month = apr,
   volume = 86,
    pages = {3471-3474},
      doi = {10.1103/PhysRevLett.86.3471},
   adsurl = {http://adsabs.harvard.edu/abs/2001PhRvL..86.3471S},
  adsnote = {Provided by the SAO/NASA Astrophysics Data System}
}


@ARTICLE{taam1980,
   author = {{Taam}, R.~E.},
    title = "{X-ray bursts from thermonuclear runaways on accreting neutron stars}",
  journal = APJ,
 keywords = {NEUTRON STARS, NUCLEAR FUSION, STELLAR ENVELOPES, STELLAR MASS ACCRETION, X RAY SOURCES, ABU\
NDANCE, CYANO COMPOUNDS, STELLAR EVOLUTION, STELLAR LUMINOSITY, STELLAR TEMPERATURE},
     year = 1980,
   volume = 241,
    pages = {358-366},
      doi = {10.1086/158348},
   adsurl = {http://adsabs.harvard.edu/abs/1980ApJ...241..358T},
  adsnote = {Provided by the SAO/NASA Astrophysics Data System}
}

@ARTICLE{taamwoosleylamb1996,
   author = {{Taam}, R.~E. and {Woosley}, S.~E. and {Lamb}, D.~Q.},
    title = "{The Effect of Deep Hydrogen Burning in the Accreted Envelope of a Neutron Star on the Prope\
rties of X-Ray Bursts}",
  journal = APJ,
 keywords = {NUCLEAR REACTIONS, NUCLEOSYNTHESIS, ABUNDANCES, STARS: INTERIORS, STARS: NEUTRON, X-RAYS: BU\
RSTS},
     year = 1996,
   volume = 459,
    pages = {271-+},
      doi = {10.1086/176890},
   adsurl = {http://adsabs.harvard.edu/abs/1996ApJ...459..271T},
  adsnote = {Provided by the SAO/NASA Astrophysics Data System}
}


@ARTICLE{woosley-xrb,
   author = {{Woosley}, S.~E. and {Heger}, A. and {Cumming}, A. and {Hoffman}, R.~D. and
             {Pruet}, J. and {Rauscher}, T. and {Fisker}, J.~L. and {Schatz}, H. and
             {Brown}, B.~A. and {Wiescher}, M.},
    title = "{Models for Type I X-Ray Bursts with Improved Nuclear Physics}",
  journal = APJ:sup,
 keywords = {Nuclear Reactions, Nucleosynthesis, Abundances, Stars: Neutron, X-Rays: Bursts},
     year = 2004,
   volume = 151,
    pages = {75-102},
      doi = {10.1086/381533},
   adsurl = {http://adsabs.harvard.edu/abs/2004ApJS..151...75W},
  adsnote = {Provided by the SAO/NASA Astrophysics Data System}
}

@ARTICLE{schatz:rp1999,
   author = {{Schatz}, H. and {Bildsten}, L. and {Cumming}, A. and {Wiescher}, M.},
    title = "{The Rapid Proton Process Ashes from Stable Nuclear Burning on an Accreting Neutron Star}",
  journal = APJ,
   eprint = {arXiv:astro-ph/9905274},
 keywords = {ACCRETION, ACCRETION DISKS, NUCLEAR REACTIONS, NUCLEOSYNTHESIS, ABUNDANCES, STARS: NEUTRON, \
X-RAYS: BURSTS},
     year = 1999,
   volume = 524,
    pages = {1014-1029},
      doi = {10.1086/307837},
   adsurl = {http://adsabs.harvard.edu/abs/1999ApJ...524.1014S},
  adsnote = {Provided by the SAO/NASA Astrophysics Data System}
}

@Book{KipWei,
  author =       {Rudolf Kippenhahn and Alfred Weigert},
  title =        {Stellar Structure and Evolution},
  publisher =    {Springer Verlag},
  year =         {1992},
}

@ARTICLE{cavecchi:2013,
   author = {{Cavecchi}, Y. and {Watts}, A.~L. and {Braithwaite}, J. and
	{Levin}, Y.},
    title = "{Flame propagation on the surfaces of rapidly rotating neutron stars during Type I X-ray bursts}",
  journal = {\mnras},
archivePrefix = "arXiv",
   eprint = {1212.2872},
 primaryClass = "astro-ph.HE",
 keywords = {hydrodynamics, methods: numerical, stars: neutron, X-rays: bursts},
     year = 2013,
    month = oct,
   volume = 434,
    pages = {3526-3541},
      doi = {10.1093/mnras/stt1273},
   adsurl = {http://adsabs.harvard.edu/abs/2013MNRAS.434.3526C},
  adsnote = {Provided by the SAO/NASA Astrophysics Data System}
}




@ARTICLE{kleinpauluis,
   author = {{Klein}, R. and {Pauluis}, O.},
    title = "{Thermodynamic Consistency of a Pseudoincompressible Approximation for General Equations of State}",
  journal = {Journal of Atmospheric Sciences},
     year = 2012,
    month = mar,
   volume = 69,
    pages = {961-968},
      doi = {10.1175/JAS-D-11-0110.1},
   adsurl = {http://adsabs.harvard.edu/abs/2012JAtS...69..961K},
  adsnote = {Provided by the SAO/NASA Astrophysics Data System}
}

@ARTICLE{vasil:2013,
   author = {{Vasil}, G.~M. and {Lecoanet}, D. and {Brown}, B.~P. and {Wood}, T.~S. and
{Zweibel}, E.~G.},
    title = "{Energy conservation and gravity waves in sound-proof treatments of stellar interiors: Part II Lagrangian constrained analysis}",
  journal = {ArXiv e-prints},
archivePrefix = "arXiv",
   eprint = {1303.0005},
 primaryClass = "astro-ph.SR",
 keywords = {Astrophysics - Solar and Stellar Astrophysics, Astrophysics - Earth and Planetary Astrophysics, Physics - Atmospheric and Oceanic Physics, Physics - Fluid Dynamics},
     year = 2013,
    month = feb,
   adsurl = {http://adsabs.harvard.edu/abs/2013arXiv1303.0005V},
  adsnote = {Provided by the SAO/NASA Astrophysics Data System}
}


@ARTICLE{simonenko:2012,
   author = {{Simonenko}, V.~A. and {Gryaznykh}, D.~A. and {Litvinenko}, I.~A. and
{Lykov}, V.~A. and {Shushlebin}, A.~N.},
    title = "{Mechanism of thermonuclear burning propagation in a helium layer on a neutron star surface: A refined model with heat conduction and subgrid turbulence}",
  journal = {Astronomy Letters},
 keywords = {X-ray bursts, thermonuclear burning, numerical simulations},
     year = 2012,
    month = may,
   volume = 38,
    pages = {305-320},
      doi = {10.1134/S1063773712050088},
   adsurl = {http://adsabs.harvard.edu/abs/2012AstL...38..305S},
  adsnote = {Provided by the SAO/NASA Astrophysics Data System}
}



@article{maestroenergy,
  title = "{On New Low Mach Number Equations for Stratified Flows}",
 author = {{Almgren}, A.~S. and {Bell}, J.~B. and {Nonaka}, A. and {Zingale}, M.},
 year={2013},
 note={to be submitted to ApJ}
}

@ARTICLE{fisker:2008,
   author = {{Fisker}, J.~L. and {Schatz}, H. and {Thielemann}, F.-K.},
    title = "{Explosive Hydrogen Burning during Type I X-Ray Bursts}",
  journal = {\apjs},
 keywords = {Nuclear Reactions, Nucleosynthesis, Abundances, Stars: Neutron, X-Rays: Bursts},
     year = 2008,
    month = jan,
   volume = 174,
    pages = {261-276},
      doi = {10.1086/521104},
   adsurl = {http://adsabs.harvard.edu/abs/2008ApJS..174..261F},
  adsnote = {Provided by the SAO/NASA Astrophysics Data System}
}

@ARTICLE{parikh:2013,
   author = {{Parikh}, A. and {Jos{\'e}}, J. and {Sala}, G. and {Iliadis}, C.
},
    title = "{Nucleosynthesis in type I X-ray bursts}",
  journal = {Progress in Particle and Nuclear Physics},
archivePrefix = "arXiv",
   eprint = {1211.5900},
 primaryClass = "astro-ph.SR",
     year = 2013,
    month = mar,
   volume = 69,
    pages = {225-253},
      doi = {10.1016/j.ppnp.2012.11.002},
   adsurl = {http://adsabs.harvard.edu/abs/2013PrPNP..69..225P},
  adsnote = {Provided by the SAO/NASA Astrophysics Data System}
}

@ARTICLE{jose:2010,
   author = {{Jos{\'e}}, J. and {Moreno}, F. and {Parikh}, A. and {Iliadis}, C.
},
    title = "{Hydrodynamic Models of Type I X-ray Bursts: Metallicity Effects}",
  journal = {\apjs},
archivePrefix = "arXiv",
   eprint = {1005.4767},
 primaryClass = "astro-ph.SR",
 keywords = {hydrodynamics, nuclear reactions, nucleosynthesis, abundances, stars: neutron, X-rays: bursts},
     year = 2010,
    month = jul,
   volume = 189,
    pages = {204-239},
      doi = {10.1088/0067-0049/189/1/204},
   adsurl = {http://adsabs.harvard.edu/abs/2010ApJS..189..204J},
  adsnote = {Provided by the SAO/NASA Astrophysics Data System}
}

@ARTICLE{meakin:2007,
   author = {{Meakin}, C.~A. and {Arnett}, D.},
    title = "{Turbulent Convection in Stellar Interiors. I. Hydrodynamic Simulation}",
  journal = APJ,
   eprint = {astro-ph/0611315},
 keywords = {Hydrodynamics, Instabilities, Nuclear Reactions, Nucleosynthesis, Abundances, Stars: Evolution, Stars: General, Stars: Interiors, Stars: Supernovae: General, Turbulence, Waves},
     year = 2007,
    month = sep,
   volume = 667,
    pages = {448-475},
      doi = {10.1086/520318},
   adsurl = {http://adsabs.harvard.edu/abs/2007ApJ...667..448M},
  adsnote = {Provided by the SAO/NASA Astrophysics Data System}
}

@ARTICLE{arnett:2009,
   author = {{Arnett}, W. D. and {Meakin}, C. and {Young}, P.~A.},
    title = "{Turbulent Convection in Stellar Interiors. II. The Velocity Field}",
  journal = APJ,
archivePrefix = "arXiv",
   eprint = {0809.1625},
 keywords = {convection, hydrodynamics, stars: evolution, turbulence},
     year = 2009,
    month = jan,
   volume = 690,
    pages = {1715-1729},
      doi = {10.1088/0004-637X/690/2/1715},
   adsurl = {http://adsabs.harvard.edu/abs/2009ApJ...690.1715A},
  adsnote = {Provided by the SAO/NASA Astrophysics Data System}
}

@ARTICLE{intZand:2010,
   author = {{in 't Zand}, J.~J.~M. and {Weinberg}, N.~N.},
    title = "{Evidence of heavy-element ashes in thermonuclear X-ray bursts with photospheric superexpansion}",
  journal = AAP,
archivePrefix = "arXiv",
   eprint = {1001.0900},
 primaryClass = "astro-ph.HE",
 keywords = {X-rays: binaries, nuclear reactions, nucleosynthesis, abundances, stars: neutron, radiative transfer, X-rays: general},
     year = 2010,
    month = sep,
   volume = 520,
    pages = {A81+},
      doi = {10.1051/0004-6361/200913952},
   adsurl = {http://adsabs.harvard.edu/abs/2010A%26A...520A..81I},
  adsnote = {Provided by the SAO/NASA Astrophysics Data System}
}

@ARTICLE{bhattacharyya:2010,
   author = {{Bhattacharyya}, S. and {Miller}, M.~C. and {Galloway}, D.~K.},
    title = "{Systematic variation in the apparent burning area of thermonuclear bursts and its implication for neutron star radius measurement}",
  journal = MNRAS,
archivePrefix = "arXiv",
   eprint = {0908.4245},
 primaryClass = "astro-ph.HE",
 keywords = {nuclear reactions, nucleosynthesis, abundances, stars: fundamental parameters, stars: neutron, X-rays: binaries, X-rays: bursts},
     year = 2010,
    month = jan,
   volume = 401,
    pages = {2-6},
      doi = {10.1111/j.1365-2966.2009.15632.x},
   adsurl = {http://adsabs.harvard.edu/abs/2010MNRAS.401....2B},
  adsnote = {Provided by the SAO/NASA Astrophysics Data System}
}

@ARTICLE{vode,
  author={P. N. Brown and G. D. Byrne and A. C. Hindmarsh},
  title={{VODE}: A Variable Coefficient ODE Solver},
  journal={SIAM J. Sci. Stat. Comput.},
  volume={10},
  pages={1038-1051},
  year={1989}
}

@ARTICLE{intZand2011,
   author = {{in 't Zand}, J.},
    title = "{X-ray bursts and superbursts - recent developments}",
  journal = {ArXiv e-prints},
archivePrefix = "arXiv",
   eprint = {1102.3345},
 primaryClass = "astro-ph.HE",
 keywords = {Astrophysics - High Energy Astrophysical Phenomena},
     year = 2011,
    month = feb,
   adsurl = {http://adsabs.harvard.edu/abs/2011arXiv1102.3345I},
  adsnote = {Provided by the SAO/NASA Astrophysics Data System}
}

@ARTICLE{parikh:2014,
   author = {{Parikh}, A. and {Jose}, J. and {Sala}, G.},
    title = "{Classical novae and type I X-ray bursts: challenges for the 21st century}",
  journal = {ArXiv e-prints},
archivePrefix = "arXiv",
   eprint = {1401.5279},
 primaryClass = "astro-ph.SR",
 keywords = {Astrophysics - Solar and Stellar Astrophysics},
     year = 2014,
    month = jan,
   adsurl = {http://adsabs.harvard.edu/abs/2014arXiv1401.5279P},
  adsnote = {Provided by the SAO/NASA Astrophysics Data System}
}

@ARTICLE{galloway:2008,
   author = {{Galloway}, D.~K. and {Muno}, M.~P. and {Hartman}, J.~M. and {Psaltis}, D. and {Chakrabarty}, D.},
    title = "{Thermonuclear (Type I) X-Ray Bursts Observed by the Rossi X-Ray Timing Explorer}",
  journal = {\apjs},
   eprint = {astro-ph/0608259},
 keywords = {Nuclear Reactions, Nucleosynthesis, Abundances, Stars: Distances, Stars: Neutron, X-Rays: Bursts},
     year = 2008,
    month = dec,
   volume = 179,
    pages = {360-422},
      doi = {10.1086/592044},
   adsurl = {http://adsabs.harvard.edu/abs/2008ApJS..179..360G},
  adsnote = {Provided by the SAO/NASA Astrophysics Data System}
}

@ARTICLE{xrb2,
   author = {{Malone}, C.~M. and {Zingale}, M. and {Nonaka}, A. and {Almgren}, A.~S. and
{Bell}, J.~B.},
    title = "{Multidimensional Modeling of Type I X-Ray Bursts. II. Two-dimensional Convection in a Mixed H/He Accretor}",
  journal = {\apj},
 keywords = {convection, hydrodynamics, methods: numerical, stars: neutron, X-rays: bursts },
     year = 2014,
    month = jun,
   volume = 788,
      eid = {115},
    pages = {115},
      doi = {10.1088/0004-637X/788/2/115},
   adsurl = {http://adsabs.harvard.edu/abs/2014ApJ...788..115M},
  adsnote = {Provided by the SAO/NASA Astrophysics Data System}
}

@ARTICLE{yt,
   author = {{Turk}, M.~J. and {Smith}, B.~D. and {Oishi}, J.~S. and {Skory}, S. and
{Skillman}, S.~W. and {Abel}, T. and {Norman}, M.~L.},
    title = "{yt: A Multi-code Analysis Toolkit for Astrophysical Simulation Data}",
  journal = {\apjs},
archivePrefix = "arXiv",
   eprint = {1011.3514},
 primaryClass = "astro-ph.IM",
 keywords = {cosmology: theory, methods: data analysis, methods: numerical},
     year = 2011,
    month = jan,
   volume = 192,
      eid = {9},
    pages = {9},
      doi = {10.1088/0067-0049/192/1/9},
   adsurl = {http://adsabs.harvard.edu/abs/2011ApJS..192....9T},
  adsnote = {Provided by the SAO/NASA Astrophysics Data System}
}

ARTICLE{steiner:2010,
   author = {{Steiner}, A.~W. and {Lattimer}, J.~M. and {Brown}, E.~F.},
    title = "{The Equation of State from Observed Masses and Radii of Neutron Stars}",
  journal = {\apj},
archivePrefix = "arXiv",
   eprint = {1005.0811},
 primaryClass = "astro-ph.HE",
 keywords = {dense matter, stars: neutron, X-rays: binaries, X-rays: bursts},
     year = 2010,
    month = oct,
   volume = 722,
    pages = {33-54},
      doi = {10.1088/0004-637X/722/1/33},
   adsurl = {http://adsabs.harvard.edu/abs/2010ApJ...722...33S},
  adsnote = {Provided by the SAO/NASA Astrophysics Data System}
}


@ARTICLE{steiner:2010,
   author = {{Steiner}, A.~W. and {Lattimer}, J.~M. and {Brown}, E.~F.},
    title = "{The Equation of State from Observed Masses and Radii of Neutron Stars}",
  journal = APJ,
archivePrefix = "arXiv",
   eprint = {1005.0811},
 primaryClass = "astro-ph.HE",
 keywords = {dense matter, stars: neutron, X-rays: binaries, X-rays: bursts },
     year = 2010,
    month = oct,
   volume = 722,
    pages = {33-54},
      doi = {10.1088/0004-637X/722/1/33},
   adsurl = {http://adsabs.harvard.edu/abs/2010ApJ...722...33S},
  adsnote = {Provided by the SAO/NASA Astrophysics Data System}
}

@ARTICLE{ozel:2010,
   author = {{{\"O}zel}, F. and {Baym}, G. and {G{\"u}ver}, T.},
    title = "{Astrophysical measurement of the equation of state of neutron star matter}",
  journal = {\prd},
archivePrefix = "arXiv",
   eprint = {1002.3153},
 primaryClass = "astro-ph.HE",
 keywords = {Neutron stars, Nuclear matter, Equations of state of neutron-star matter},
     year = 2010,
    month = nov,
   volume = 82,
   number = 10,
      eid = {101301},
    pages = {101301},
      doi = {10.1103/PhysRevD.82.101301},
   adsurl = {http://adsabs.harvard.edu/abs/2010PhRvD..82j1301O},
  adsnote = {Provided by the SAO/NASA Astrophysics Data System}
}


@ARTICLE{SciDac2005,
   author = {{Zingale}, M. and {Woosley}, S.~E. and {Bell}, J.~B. and {Day}, M.~S. and
{Rendleman}, C.~A.},
    title = "{The physics of flames in Type Ia supernovae}",
  journal = {Journal of Physics Conference Series},
   eprint = {astro-ph/0507040},
     year = 2005,
    month = jan,
   volume = 16,
    pages = {405-409},
      doi = {10.1088/1742-6596/16/1/056},
   adsurl = {http://adsabs.harvard.edu/abs/2005JPhCS..16..405Z},
  adsnote = {Provided by the SAO/NASA Astrophysics Data System}
}

@ARTICLE{NK:1997,
   author = {{Niemeyer}, J.~C. and {Kerstein}, A.~R.},
    title = "{Burning regimes of nuclear flames in SN IA explosions}",
  journal = {\na},
     year = 1997,
    month = aug,
   volume = 2,
    pages = {239-244},
      doi = {10.1016/S1384-1076(97)00017-1},
   adsurl = {http://adsabs.harvard.edu/abs/1997NewA....2..239N},
  adsnote = {Provided by the SAO/NASA Astrophysics Data System}
}

@ARTICLE{ms_cc,
   author = {{Gilet}, C. and {Almgren}, A.~S. and {Bell}, J.~B. and {Nonaka}, A. and
	{Woosley}, S.~E. and {Zingale}, M.},
    title = "{Low Mach Number Modeling of Core Convection in Massive Stars}",
  journal = {\apj},
 keywords = {convection, hydrodynamics, methods: numerical, stars: interiors, turbulence },
     year = 2013,
    month = aug,
   volume = 773,
      eid = {137},
    pages = {137},
      doi = {10.1088/0004-637X/773/2/137},
   adsurl = {http://adsabs.harvard.edu/abs/2013ApJ...773..137G},
  adsnote = {Provided by the SAO/NASA Astrophysics Data System}
}

@ARTICLE{Fleck96,
   author = {{Fleck}, Jr., R.~C.},
    title = "{Scaling Relations for the Turbulent, Non--Self-gravitating, Neutral Component of the Interstellar Medium}",
  journal = {\apj},
 keywords = {HYDRODYNAMICS, ISM: CLOUDS, MAGNETOHYDRODYNAMICS: MHD, TURBULENCE},
     year = 1996,
    month = feb,
   volume = 458,
    pages = {739-+},
      doi = {10.1086/176853},
   adsurl = {http://adsabs.harvard.edu/abs/1996ApJ...458..739F},
  adsnote = {Provided by the SAO/NASA Astrophysics Data System}
}

@ARTICLE{Fleck83,
   author = {{Fleck}, Jr., R.~C.},
    title = "{A note on compressibility and energy cascade in turbulent molecular clouds}",
  journal = {\apjl},
 keywords = {COMPRESSIBILITY EFFECTS, INTERSTELLAR MATTER, MAGNETOHYDRODYNAMIC TURBULENCE, MOLECULAR CLOUDS, ENERGY TRANSFER, KOLMOGOROFF THEORY, SCALING LAWS, VELOCITY DISTRIBUTION},
     year = 1983,
    month = sep,
   volume = 272,
    pages = {L45-L48},
      doi = {10.1086/184114},
   adsurl = {http://adsabs.harvard.edu/abs/1983ApJ...272L..45F},
  adsnote = {Provided by the SAO/NASA Astrophysics Data System}
}

@ARTICLE{kercek,
   author = {{Kercek}, A. and {Hillebrandt}, W. and {Truran}, J.~W.},
    title = "{Two-dimensional simulations of the thermonuclear runaway in an accreted atmosphere of a C+O White Dwarf}",
  journal = {\aap},
   eprint = {astro-ph/9801054},
 keywords = {STARS: NOVAE, CATACLYSMIC VARIABLES, STARS: WHITE DWARFS, CONVECTION, HYDRODYNAMICS, NUCLEAR REACTIONS, NUCLEOSYNTHESIS, ABUNDANCES},
     year = 1998,
    month = sep,
   volume = 337,
    pages = {379-392},
   adsurl = {http://adsabs.harvard.edu/abs/1998A%26A...337..379K},
  adsnote = {Provided by the SAO/NASA Astrophysics Data System}
}

@ARTICLE{kercek2,
   author = {{Kercek}, A. and {Hillebrandt}, W. and {Truran}, J.~W.},
    title = "{Three-dimensional simulations of classical novae}",
  journal = {\aap},
   eprint = {astro-ph/9811259},
 keywords = {STARS: NOVAE, CATACLYSMIC VARIABLES, STARS: WHITE DWARFS, CONVECTION, HYDRODYNAMICS, NUCLEAR REACTIONS, NUCLEOSYNTHESIS, ABUNDANCES},
     year = 1999,
    month = may,
   volume = 345,
    pages = {831-840},
   adsurl = {http://adsabs.harvard.edu/abs/1999A%26A...345..831K},
  adsnote = {Provided by the SAO/NASA Astrophysics Data System}
}

@ARTICLE{Kraichnan67,
   author = {{Kraichnan}, R.~H.},
    title = "{Inertial Ranges in Two-Dimensional Turbulence}",
  journal = {Phys.~Fluids},
     year = 1967,
    month = july,
   volume = 10,
    pages = {1417--1423}
}

@ARTICLE{Leith68,
   author = {{Leith}, C.~E.},
    title = "{Diffusion Approximation for Two-Dimensional Turbulence}",
  journal = {Phys.~Fluids},
     year = 1968,
    month = mar,
   volume = 11,
    pages = {671--673}
}

@ARTICLE{Batchelor69,
   author = {{Batchelor}, G.~K.},
    title = "{Computation of the Energy Spectrum in Homogeneous Two-Dimensional Turbulence}",
  journal = {Phys.~Fluids},
     year = 1969,
    month = dec,
   volume = 12,
    pages = {II-233--II-239}
}

@ARTICLE{GT06,
   author = {{Gkioulekas}, E. and {Tung}, K.},
    title = "{Recent Developments in Understanding Two-dimensional Turbulence and the Nastrom-Gage Spectrum}",
  journal = {Journal of Low Temperature Physics},
     year = 2006,
   volume = 145,
    pages = {25--57}
}

@ARTICLE{ouellette:2012,
   author = {{Ouellette}, N.~T.},
    title = "{Turbulence in two dimensions}",
  journal = {Physics Today},
     year = 2012,
   volume = 65,
   number = 5,
    pages = {68},
      doi = {10.1063/PT.3.1570},
   adsurl = {http://adsabs.harvard.edu/abs/2012PhT....65e..68O},
  adsnote = {Provided by the SAO/NASA Astrophysics Data System}
}

@ARTICLE{ppm,
   author = {{Colella}, P. and {Woodward}, P.~R.},
    title = "{The Piecewise Parabolic Method (PPM) for Gas-Dynamical Simulations}",
  journal = {Journal of Computational Physics},
     year = 1984,
    month = sep,
   volume = 54,
    pages = {174-201},
      doi = {10.1016/0021-9991(84)90143-8},
   adsurl = {http://adsabs.harvard.edu/abs/1984JCoPh..54..174C},
  adsnote = {Provided by the SAO/NASA Astrophysics Data System}
}

@ARTICLE{ppmunsplit,
   author = {{Colella}, P.},
    title = "{Multidimensional upwind methods for hyperbolic conservation laws}",
  journal = {Journal of Computational Physics},
 keywords = {ADVECTION, BOUNDARY VALUE PROBLEMS, COMPUTATIONAL GRIDS, CONSERVATION LAWS, FINITE DIFFERENCE THEORY, HYPERBOLIC FUNCTIONS, ALGORITHMS, CAUCHY PROBLEM, PREDICTOR-CORRECTOR METHODS},
     year = 1990,
    month = mar,
   volume = 87,
    pages = {171-200},
      doi = {10.1016/0021-9991(90)90233-Q},
   adsurl = {http://adsabs.harvard.edu/abs/1990JCoPh..87..171C},
  adsnote = {Provided by the SAO/NASA Astrophysics Data System}
}

@ARTICLE{saltzman1994,
   author = {{Saltzman}, J.},
    title = "{An Unsplit 3D Upwind Method for Hyperbolic Conservation Laws}",
  journal = {Journal of Computational Physics},
     year = 1994,
    month = nov,
   volume = 115,
    pages = {153-168},
      doi = {10.1006/jcph.1994.1184},
   adsurl = {http://adsabs.harvard.edu/abs/1994JCoPh.115..153S},
  adsnote = {Provided by the SAO/NASA Astrophysics Data System}
}

@ARTICLE{arnett:2015,
   author = {{Arnett}, W.~D. and {Meakin}, C. and {Viallet}, M. and {Campbell}, S.~W. and
{Lattanzio}, J. and {Mo{\'c}ak}, M.},
    title = "{Beyond Mixing-length Theory: a step toward 321D}",
    journal = {ArXiv e-prints},
    archivePrefix = "arXiv",
    eprint = {1503.00342},
    primaryClass = "astro-ph.SR",
    keywords = {Astrophysics - Solar and Stellar Astrophysics},
    year = 2015,
    month = mar,
    adsurl = {http://adsabs.harvard.edu/abs/2015arXiv150300342A},
    adsnote = {Provided by the SAO/NASA Astrophysics Data System}
}


@ARTICLE{strang:1968,
  author = {{Strang}, G.},
  title = "{On the construction and comparison of difference schemes}",
  year = 1968,
  journal = "{SIAM J. Numerical Analysis}",
  volume = 5,
  pages = {506-517}
}

@ARTICLE{muller:1986,
   author = {{M{\"u}ller}, E.},
    title = "{Nuclear-reaction networks and stellar evolution codes - The coupling of composition changes and energy release in explosive nuclear burning}",
  journal = AAP,
 keywords = {Abundance, Nuclear Astrophysics, Nuclear Fusion, Stellar Evolution, Stellar Physics, Energy Transfer, Entropy, Explosions, Newton-Raphson Method, Stellar Composition, Stellar Cores},
     year = 1986,
    month = jul,
   volume = 162,
    pages = {103-108},
   adsurl = {http://adsabs.harvard.edu/abs/1986A%26A...162..103M},
  adsnote = {Provided by the SAO/NASA Astrophysics Data System}
}


@ARTICLE{woosley-ignition,
   author = {{Woosley}, S.~E. and {Wunsch}, S. and {Kuhlen}, M.},
    title = "{Carbon Ignition in Type Ia Supernovae: An Analytic Model}",
  journal = {\apj},
   eprint = {astro-ph/0307565},
 keywords = {Hydrodynamics, Stars: Supernovae: General},
     year = 2004,
    month = jun,
   volume = 607,
    pages = {921-930},
      doi = {10.1086/383530},
   adsurl = {http://adsabs.harvard.edu/abs/2004ApJ...607..921W},
  adsnote = {Provided by the SAO/NASA Astrophysics Data System}
}


@ARTICLE{timmeswoosley:1992,
   author = {{Timmes}, F.~X. and {Woosley}, S.~E.},
    title = "{The conductive propagation of nuclear flames. I - Degenerate C + O and O + NE + MG white dwarfs}",
  journal = {\apj},
 keywords = {Degenerate Matter, Neutron Stars, Nuclear Fusion, Radiation Transport, Stellar Interiors, White Dwarf Stars, Computational Grids, Conductive Heat Transfer, Fractals, Gravitational Collapse, Reaction Kinetics, Supernovae},
     year = 1992,
    month = sep,
   volume = 396,
    pages = {649-667},
      doi = {10.1086/171746},
   adsurl = {http://adsabs.harvard.edu/abs/1992ApJ...396..649T},
  adsnote = {Provided by the SAO/NASA Astrophysics Data System}
}

@ARTICLE{xrb3d,
   author = {{Zingale}, M. and {Malone}, C.~M. and {Nonaka}, A. and {Almgren}, A.~S. and
{Bell}, J.~B.},
    title = "{Comparisons of Two- and Three-Dimensional Convection in Type I X-Ray Bursts}",
  journal = {\apj},
archivePrefix = "arXiv",
   eprint = {1410.5796},
 primaryClass = "astro-ph.HE",
 keywords = {convection, hydrodynamics, methods: numerical, stars: neutron, X-rays: bursts},
     year = 2015,
    month = jul,
   volume = 807,
      eid = {60},
    pages = {60},
      doi = {10.1088/0004-637X/807/1/60},
   adsurl = {http://adsabs.harvard.edu/abs/2015ApJ...807...60Z},
  adsnote = {Provided by the SAO/NASA Astrophysics Data System}
}

@ARTICLE{SNrt,
   author = {{Bell}, J.~B. and {Day}, M.~S. and {Rendleman}, C.~A. and {Woosley}, S.~E. and
{Zingale}, M.},
    title = "{Direct Numerical Simulations of Type Ia Supernovae Flames. II. The Rayleigh-Taylor Instability}",
  journal = {\apj},
   eprint = {astro-ph/0401247},
 keywords = {Conduction, Hydrodynamics, Methods: Numerical, Nuclear Reactions, Nucleosynthesis, Abundances, Stars: Supernovae: General, Stars: White Dwarfs},
     year = 2004,
    month = jun,
   volume = 608,
    pages = {883-906},
      doi = {10.1086/420841},
   adsurl = {http://adsabs.harvard.edu/abs/2004ApJ...608..883B},
  adsnote = {Provided by the SAO/NASA Astrophysics Data System}
}

@ARTICLE{SNld,
   author = {{Bell}, J.~B. and {Day}, M.~S. and {Rendleman}, C.~A. and {Woosley}, S.~E. and
{Zingale}, M.},
    title = "{Direct Numerical Simulations of Type Ia Supernovae Flames. I. The Landau-Darrieus Instability}",
  journal = {\apj},
   eprint = {astro-ph/0311543},
 keywords = {Conduction, Hydrodynamics, Methods: Numerical, Nuclear Reactions, Nucleosynthesis, Abundances, Stars: Supernovae: General, Stars: White Dwarfs},
     year = 2004,
    month = may,
   volume = 606,
    pages = {1029-1038},
      doi = {10.1086/383023},
   adsurl = {http://adsabs.harvard.edu/abs/2004ApJ...606.1029B},
  adsnote = {Provided by the SAO/NASA Astrophysics Data System}
}


@Article{Hunter:2007,
 author = {Hunter, John D.},
 title = {Matplotlib: A 2D Graphics Environment},
 journal = {Computing in Science and Engg.},
 issue_date = {May 2007},
 volume = {9},
 number = {3},
 month = may,
 year = {2007},
 issn = {1521-9615},
 pages = {90--95},
 numpages = {6},
 url = {https://doi.org/10.1109/MCSE.2007.55},
 doi = {10.1109/MCSE.2007.55},
 acmid = {1251845},
 publisher = {IEEE Educational Activities Department},
 address = {Piscataway, NJ, USA},
 keywords = {Python, Python, scripting languages, application development, scientific programming, application development, scientific programming, scripting languages},
}



@article{numpy,
 author = {Oliphant, Travis E.},
 title = {Python for Scientific Computing},
 journal = {Computing in Science and Engg.},
 issue_date = {May 2007},
 volume = {9},
 number = {3},
 month = may,
 year = {2007},
 issn = {1521-9615},
 pages = {10--20},
 numpages = {11},
 url = {http://dx.doi.org/10.1109/MCSE.2007.58},
 doi = {10.1109/MCSE.2007.58},
 acmid = {1251830},
 publisher = {IEEE Educational Activities Department},
 address = {Piscataway, NJ, USA},
 keywords = {Python, Python, computer languages, scientific programming, scientific computing, computer languages, scientific computing, scientific programming},
}

@article{numpy2,
author = {Stéfan van der Walt and S. Chris Colbert and Gaël Varoquaux},
title = {The NumPy Array: A Structure for Efficient Numerical Computation},
journal = {Computing in Science \& Engineering},
volume = {13},
number = {2},
pages = {22-30},
year = {2011},
doi = {10.1109/MCSE.2011.37},

URL = {
        https://aip.scitation.org/doi/abs/10.1109/MCSE.2011.37

},
eprint = {
        https://aip.scitation.org/doi/pdf/10.1109/MCSE.2011.37

}

}

@article{f2py,
author = {{Peterson}, P.},
journal={Int. J. of Computational Science and Engineering},
title = {F2PY: a tool for connecting Fortran and Python programs},
year = {2009},
volume = {4},
number = {4},
pages = {296--305}
}

@ARTICLE{pyro,
   author = {{Zingale}, M.},
    title = "{pyro: A teaching code for computational astrophysical hydrodynamics}",
  journal = {Astronomy and Computing},
archivePrefix = "arXiv",
   eprint = {1306.6883},
 primaryClass = "astro-ph.IM",
 keywords = {Hydrodynamics, Methods: numerical},
     year = 2014,
    month = oct,
   volume = 6,
    pages = {52-62},
      doi = {10.1016/j.ascom.2014.07.003},
   adsurl = {http://adsabs.harvard.edu/abs/2014A%26C.....6...52Z},
  adsnote = {Provided by the SAO/NASA Astrophysics Data System}
}


@article{mccorquodalecolella,
   author = {{McCorquodale}, P. and {Colella}, P.},
   title = {A high-order finite-volume method for conservation laws on locally refined grids},
   journal = {Communications in Applied Mathematics and Computational Science},
   year = {2011},
   volume = {6},
   number = {1},
   pages = {1--25}
}


@article{sympy,
 title = {SymPy: symbolic computing in Python},
 author = {Meurer, Aaron and Smith, Christopher P. and Paprocki, Mateusz and \v{C}ert\'{i}k, Ond\v{r}ej and Kirpichev, Sergey B. and Rocklin, Matthew and Kumar, AMiT and Ivanov, Sergiu and Moore, Jason K. and Singh, Sartaj and Rathnayake, Thilina and Vig, Sean and Granger, Brian E. and Muller, Richard P. and Bonazzi, Francesco and Gupta, Harsh and Vats, Shivam and Johansson, Fredrik and Pedregosa, Fabian and Curry, Matthew J. and Terrel, Andy R. and Rou\v{c}ka, \v{S}t\v{e}p\'{a}n and Saboo, Ashutosh and Fernando, Isuru and Kulal, Sumith and Cimrman, Robert and Scopatz, Anthony},
 year = 2017,
 month = jan,
 keywords = {Python, Computer algebra system, Symbolics},
 abstract = {
            SymPy is an open source computer algebra system written in pure Python. It is built with a focus on extensibility and ease of use, through both interactive and programmatic applications. These characteristics have led SymPy to become a popular symbolic library for the scientific Python ecosystem. This paper presents the architecture of SymPy, a description of its features, and a discussion of select submodules. The supplementary material provide additional examples and further outline details of the architecture and features of SymPy.
         },
 volume = 3,
 pages = {e103},
 journal = {PeerJ Computer Science},
 issn = {2376-5992},
 url = {https://doi.org/10.7717/peerj-cs.103},
 doi = {10.7717/peerj-cs.103}
}


@ARTICLE{hedet,
   author = {{Zingale}, M. and {Timmes}, F.~X. and {Fryxell}, B. and {Lamb}, D.~Q. and
	{Olson}, K. and {Calder}, A.~C. and {Dursi}, L.~J. and {Ricker}, P. and
	{Rosner}, R. and {MacNeice}, P. and {Tufo}, H.~M.},
    title = "{Helium Detonations on Neutron Stars}",
  journal = {\apjs},
 keywords = {Hydrodynamics, Nuclear Reactions, Nucleosynthesis, Abundances, Stars: Neutron, X-Rays: Bursts},
     year = 2001,
    month = mar,
   volume = 133,
    pages = {195-220},
      doi = {10.1086/319182},
   adsurl = {http://adsabs.harvard.edu/abs/2001ApJS..133..195Z},
  adsnote = {Provided by the SAO/NASA Astrophysics Data System}
}


@ARTICLE{astronum:2017,
   author = {{Zingale}, M. and {Almgren}, A.~S. and {Barrios Sazo}, M.~G. and
	{Beckner}, V.~E. and {Bell}, J.~B. and {Friesen}, B. and {Jacobs}, A.~M. and
	{Katz}, M.~P. and {Malone}, C.~M. and {Nonaka}, A.~J. and {Willcox}, D.~E. and
	{Zhang}, W.},
    title = "{Meeting the Challenges of Modeling Astrophysical Thermonuclear Explosions: Castro, Maestro, and the AMReX Astrophysics Suite}",
  journal = {ArXiv e-prints},
archivePrefix = "arXiv",
   eprint = {1711.06203},
 primaryClass = "astro-ph.IM",
 keywords = {Astrophysics - Instrumentation and Methods for Astrophysics},
     year = 2017,
    month = nov,
   adsurl = {http://adsabs.harvard.edu/abs/2017arXiv171106203Z},
  adsnote = {Provided by the SAO/NASA Astrophysics Data System}
}


@ARTICLE{wdmergerI,
   author = {{Katz}, M.~P. and {Zingale}, M. and {Calder}, A.~C. and {Swesty}, F.~D. and
	{Almgren}, A.~S. and {Zhang}, W.},
    title = "{White Dwarf Mergers on Adaptive Meshes. I. Methodology and Code Verification}",
  journal = {\apj},
archivePrefix = "arXiv",
   eprint = {1512.06099},
 primaryClass = "astro-ph.HE",
 keywords = {hydrodynamics, methods: numerical, supernovae: general, white dwarfs},
     year = 2016,
    month = mar,
   volume = 819,
      eid = {94},
    pages = {94},
      doi = {10.3847/0004-637X/819/2/94},
   adsurl = {http://adsabs.harvard.edu/abs/2016ApJ...819...94K},
  adsnote = {Provided by the SAO/NASA Astrophysics Data System}
}


@ARTICLE{pynucastro,
  author = {{Willcox}, Donald E. and {Zingale}, Michael},
  title = "{pynucastro: an interface to nuclear reaction rates and code generator for reaction network equations}",
  journal = {Journal of Open Source Software},
  year = 2018,
  volume = 3,
  number = 23,
  pages = {588},
  doi = {10.21105/joss.00588}
}


@ARTICLE{reaclib,
   author = {{Cyburt}, R.~H. and {Amthor}, A.~M. and {Ferguson}, R. and {Meisel}, Z. and
	{Smith}, K. and {Warren}, S. and {Heger}, A. and {Hoffman}, R.~D. and
	{Rauscher}, T. and {Sakharuk}, A. and {Schatz}, H. and {Thielemann}, F.~K. and
	{Wiescher}, M.},
    title = "{The JINA REACLIB Database: Its Recent Updates and Impact on Type-I X-ray Bursts}",
  journal = {\apjs},
 keywords = {nuclear reactions, nucleosynthesis, abundances, X-rays: bursts},
     year = 2010,
    month = jul,
   volume = 189,
    pages = {240-252},
      doi = {10.1088/0067-0049/189/1/240},
   adsurl = {http://adsabs.harvard.edu/abs/2010ApJS..189..240C},
  adsnote = {Provided by the SAO/NASA Astrophysics Data System}
}


@inproceedings{valgrind,
 author = {Nethercote, Nicholas and Seward, Julian},
 title = {Valgrind: A Framework for Heavyweight Dynamic Binary Instrumentation},
 booktitle = {Proceedings of the 28th ACM SIGPLAN Conference on Programming Language Design and Implementation},
 series = {PLDI '07},
 year = {2007},
 isbn = {978-1-59593-633-2},
 location = {San Diego, California, USA},
 pages = {89--100},
 numpages = {12},
 url = {http://doi.acm.org/10.1145/1250734.1250746},
 doi = {10.1145/1250734.1250746},
 acmid = {1250746},
 publisher = {ACM},
 address = {New York, NY, USA},
 keywords = {Memcheck, Valgrind, dynamic binary analysis, dynamic binary instrumentation, shadow values},
}


@inproceedings{powell,
  author = {M. J. D. Powell},
  title = "{A hybrid method for nonlinear equations}",
  booktitle = {Numerical methods for nonlinear algebraic equations},
  editor = {Philip Rabinowitz},
  chapter = {6},
  pages = {87--114},
  publisher = {Gordon and Breach Science Publishers, New York},
  year = {1970}
}

@article{BYRNE19871,
title = "Stiff ODE solvers: A review of current and coming attractions",
journal = "Journal of Computational Physics",
volume = "70",
number = "1",
pages = "1 - 62",
year = "1987",
issn = "0021-9991",
doi = "https://doi.org/10.1016/0021-9991(87)90001-5",
url = "http://www.sciencedirect.com/science/article/pii/0021999187900015",
author = "George D Byrne and Alan C Hindmarsh"
}


@article{SDC-old,
author = { A.   Nonaka  and  J. B.   Bell  and  M. S.   Day  and  C.   Gilet  and  A. S.   Almgren  and  M. L.   Minion },
title = {A deferred correction coupling strategy for low Mach number flow with complex chemistry},
journal = {Combustion Theory and Modelling},
volume = {16},
number = {6},
pages = {1053-1088},
year  = {2012},
publisher = {Taylor & Francis},
doi = {10.1080/13647830.2012.701019},
URL = {https://doi.org/10.1080/13647830.2012.701019},
eprint = {https://doi.org/10.1080/13647830.2012.701019}
}

@ARTICLE{Emmett:2018,
   author = {{Emmett}, M. and {Motheau}, E. and {Zhang}, W. and {Minion}, M. and
	{Bell}, J.~B.},
    title = "{A Fourth-Order Adaptive Mesh Refinement Algorithm for the Multicomponent, Reacting Compressible Navier-Stokes Equations}",
  journal = {ArXiv e-prints},
archivePrefix = "arXiv",
   eprint = {1806.10718},
 primaryClass = "physics.flu-dyn",
 keywords = {Physics - Fluid Dynamics, Physics - Computational Physics},
     year = 2018,
    month = jun,
   adsurl = {http://adsabs.harvard.edu/abs/2018arXiv180610718E},
  adsnote = {Provided by the SAO/NASA Astrophysics Data System}
}


@ARTICLE{zingalekatz,
   author = {{Zingale}, M. and {Katz}, M.~P.},
    title = "{On the Piecewise Parabolic Method for Compressible Flow With Stellar Equations of State}",
  journal = {\apjs},
archivePrefix = "arXiv",
   eprint = {1501.01923},
 primaryClass = "astro-ph.IM",
 keywords = {hydrodynamics, methods: numerical},
     year = 2015,
    month = "feb",
   volume = 216,
      eid = {31},
    pages = {31},
      doi = {10.1088/0067-0049/216/2/31},
   adsurl = {http://adsabs.harvard.edu/abs/2015ApJS..216...31Z},
  adsnote = {Provided by the SAO/NASA Astrophysics Data System}
}


@ARTICLE{millercolella:2002,
   author = {{Miller}, G.~H. and {Colella}, P.},
    title = "{A Conservative Three-Dimensional Eulerian Method for Coupled Solid-Fluid Shock Capturing}",
  journal = {Journal of Computational Physics},
     year = 2002,
    month = nov,
   volume = 183,
    pages = {26-82},
      doi = {10.1006/jcph.2002.7158},
   adsurl = {http://adsabs.harvard.edu/abs/2002JCoPh.183...26M},
  adsnote = {Provided by the SAO/NASA Astrophysics Data System}
}

@ARTICLE{speth:2013,
   author = {Speth, R. and Green, W. and MacNamara, S. and Strang, G.},
    title = {Balanced Splitting and Rebalanced Splitting},
  journal = {SIAM Journal on Numerical Analysis},
   volume = {51},
   number = {6},
    pages = {3084-3105},
     year = {2013},
      doi = {10.1137/120878641},
      URL = {https://doi.org/10.1137/120878641},
   eprint = {https://doi.org/10.1137/120878641}
}



@ARTICLE{colella:1985,
   author = {{Colella}, P.},
    title = "{A direct Eulerian MUSCL scheme for gas dynamics}",
  journal = {SIAM J Sci Stat Comput},
     year = 1985,
   volume = 6,
  number = 1,
    pages = {104-117}
}


@ARTICLE{colellaglaz:1985,
   author = {{Colella}, P. and {Glaz}, H.~M.},
    title = "{Efficient solution algorithms for the Riemann problem for real gases}",
  journal = {J Comput Phys},
 keywords = {CAUCHY PROBLEM, COMPRESSIBLE FLOW, EQUATIONS OF STATE,
                  GAS DYNAMICS, INVISCID FLOW, POLYTROPIC PROCESSES,
                  ALGORITHMS, BOUNDARY VALUE PROBLEMS, CARTESIAN
                  COORDINATES, FINITE DIFFERENCE THEORY, JACOBI MATRIX
                  METHOD, RANKINE-HUGONIOT RELATION, SHOCK TUBES,
                  SHOCK WAVES},
     year = 1985,
    month = jun,
   volume = 59,
    pages = {264-289},
      doi = {10.1016/0021-9991(85)90146-9},
   adsurl = {http://adsabs.harvard.edu/abs/1985JCoPh..59..264C},
  adsnote = {Provided by the SAO/NASA Astrophysics Data System}
}



@ARTICLE{2018MNRAS.476.2238G,
   author = {{Glasner}, S.~A. and {Livne}, E. and {Steinberg}, E. and {Yalinewich}, A. and
	{Truran}, J.~W.},
    title = "{Ignition of detonation in accreted helium envelopes}",
  journal = {\mnras},
 keywords = {hydrodynamics, methods: numerical, white dwarfs},
     year = 2018,
    month = may,
   volume = 476,
    pages = {2238-2248},
      doi = {10.1093/mnras/sty421},
   adsurl = {http://adsabs.harvard.edu/abs/2018MNRAS.476.2238G},
  adsnote = {Provided by the SAO/NASA Astrophysics Data System}
}


@ARTICLE{astronum:2018,
	doi = {10.1088/1742-6596/1225/1/012005},
	url = {https://doi.org/10.1088%2F1742-6596%2F1225%2F1%2F012005},
	year = 2019,
	month = {may},
	publisher = {{IOP} Publishing},
	volume = {1225},
	pages = {012005},
	author = {M. Zingale and K. Eiden and Y. Cavecchi and A. Harpole and J. B. Bell and M. Chang and I. Hawke and M. P. Katz and C. M. Malone and A. J. Nonaka and D. E. Willcox and W. Zhang},
	title = {Toward Resolved Simulations of Burning Fronts in Thermonuclear X-ray Bursts},
	journal = {Journal of Physics: Conference Series},
	abstract = {We discuss the challenges of modeling X-ray bursts in multi-dimensions, review the different calculations done to date, and discuss our new set of ongoing simulations. We also describe algorithmic improvements that may help in the future to offset some of the expense of these simulations, and describe what may be possible with exascale computing.}
}

@article{pyro_joss,
author = {{Harpole}, A. and {Zingale}, M. and {Hawke}, I. and {Chegini}, T.},
    title = "{pyro: a framework for hydrodynamics explorations and prototyping}",
  journal = {Journal of Open Source Software},
     year = 2019,
   volume = 4,
   number = 34,
   pages = 1265,
    url = {https://doi.org/10.21105/joss.01265},
   doi = {10.21105/joss.01265},
  subject = {algorithms: general}
}

@ARTICLE{graboske:1973,
   author = {{Graboske}, H.~C. and {Dewitt}, H.~E. and {Grossman}, A.~S. and {Cooper}, M.~S.},
    title = "{Screening Factors for Nuclear Reactions. 11. Intermediate Screen-Ing and Astrophysical Applications}",
  journal = {\apj},
     year = 1973,
    month = apr,
   volume = 181,
    pages = {457-474},
   adsurl = {http://adsabs.harvard.edu/cgi-bin/nph-bib_query?bibcode=1973ApJ...181..457G&db_key=AST},
  adsnote = {Provided by the Smithsonian/NASA Astrophysics Data System}
}

@ARTICLE{alastuey:1978,
   author = {{Alastuey}, A. and {Jancovici}, B.},
    title = "{Nuclear reaction rate enhancement in dense stellar matter}",
  journal = {\apj},
     year = 1978,
    month = dec,
   volume = 226,
    pages = {1034-1040},
      doi = {10.1086/156681},
   adsurl = {http://adsabs.harvard.edu/cgi-bin/nph-bib_query?bibcode=1978ApJ...226.1034A&db_key=AST},
  adsnote = {Provided by the Smithsonian/NASA Astrophysics Data System}
}

@ARTICLE{itoh:1979,
   author = {{Itoh}, N. and {Totsuji}, H. and {Ichimaru}, S. and {Dewitt}, H.~E.},
    title = "{Enhancement of thermonuclear reaction rate due to strong screening. II - Ionic mixtures}",
  journal = {\apj},
     year = 1979,
    month = dec,
   volume = 234,
    pages = {1079-1084},
      doi = {10.1086/157590},
   adsurl = {http://adsabs.harvard.edu/cgi-bin/nph-bib_query?bibcode=1979ApJ...234.1079I&db_key=AST},
  adsnote = {Provided by the Smithsonian/NASA Astrophysics Data System}
}


@ARTICLE{katzzingale:2019,
   author = {{Katz}, M.~P. and {Zingale}, M.},
    title = "{Numerical Stability of Detonations in White Dwarf Simulations}",
  journal = {\apj},
archivePrefix = "arXiv",
   eprint = {1903.00132},
 primaryClass = "astro-ph.HE",
 keywords = {supernovae: general, white dwarfs },
     year = 2019,
    month = apr,
   volume = 874,
      eid = {169},
    pages = {169},
      doi = {10.3847/1538-4357/ab0c00},
   adsurl = {http://adsabs.harvard.edu/abs/2019ApJ...874..169K},
  adsnote = {Provided by the SAO/NASA Astrophysics Data System}
}




@Misc{scipy,
  author =    {Eric Jones and Travis Oliphant and Pearu Peterson and others},
  title =     {{SciPy}: Open source scientific tools for {Python}},
  year =      {2001--},
  url = "http://www.scipy.org/",
}

@article{dutt:2000,
  author = {{Dutt}, A. and {Greengard}, L. and {Rokhlin}, V.},
  title = {Spectral Deferred Correction Methods for Ordinary Differential Equations},
  journal = {BIT Numerical Mathematics},
  doi = {10.1023/A:102233890},
  year = 2000,
  volume = {40},
  issue = 2,
  pages = {241--266}
}

@misc{starkiller,
  author       = {the StarKiller Microphysics Development Team and
                  Bishop, Abigail and
                  Fields, Carl E. and
                  Jacobs, Adam M. and
                  Katz, Maximilian and
                  Li, Xinlong and
                  Malone, Chris and
                  Timmes, Frank and
                  Willcox, Donald and
                  Zingale, Michael},
  title        = {starkiller-astro/Microphysics: Microphysics 19.06},
  month        = jun,
  year         = 2019,
  doi          = {10.5281/zenodo.3237763},
  url          = {https://doi.org/10.5281/zenodo.3237763}
}

@ARTICLE{prompi,
       author = {{Meakin}, Casey A. and {Arnett}, David},
        title = "{Turbulent Convection in Stellar Interiors. I. Hydrodynamic Simulation}",
      journal = {\apj},
     keywords = {Hydrodynamics, Instabilities, Nuclear Reactions, Nucleosynthesis, Abundances, Stars: Evolution, Stars: General, Stars: Interiors, Stars: Supernovae: General, Turbulence, Waves, Astrophysics},
         year = "2007",
        month = "Sep",
       volume = {667},
       number = {1},
        pages = {448-475},
          doi = {10.1086/520318},
archivePrefix = {arXiv},
       eprint = {astro-ph/0611315},
 primaryClass = {astro-ph},
       adsurl = {https://ui.adsabs.harvard.edu/abs/2007ApJ...667..448M},
      adsnote = {Provided by the SAO/NASA Astrophysics Data System}
}


@ARTICLE{chimera,
       author = {{Bruenn}, Stephen W. and {Blondin}, John M. and {Hix}, W. Raphael and
         {Lentz}, Eric J. and {Messer}, O.~E. Bronson and {Mezzacappa}, Anthony and
         {Endeve}, Eirik and {Harris}, J. Austin and {Marronetti}, Pedro and
         {Budiardja}, Reuben D.},
        title = "{Chimera: A massively parallel code for core-collapse supernova simulation}",
      journal = {arXiv e-prints},
     keywords = {Astrophysics - Instrumentation and Methods for Astrophysics, Astrophysics - High Energy Astrophysical Phenomena, Astrophysics - Solar and Stellar Astrophysics},
         year = "2018",
        month = "Sep",
          eid = {arXiv:1809.05608},
        pages = {arXiv:1809.05608},
archivePrefix = {arXiv},
       eprint = {1809.05608},
 primaryClass = {astro-ph.IM},
       adsurl = {https://ui.adsabs.harvard.edu/abs/2018arXiv180905608B},
      adsnote = {Provided by the SAO/NASA Astrophysics Data System}
}

@ARTICLE{apsara,
       author = {{Wongwathanarat}, A. and {Grimm-Strele}, H. and {M{\"u}ller}, E.},
        title = "{APSARA: A multi-dimensional unsplit fourth-order explicit Eulerian hydrodynamics code for arbitrary curvilinear grids}",
      journal = {\aap},
     keywords = {methods: numerical, hydrodynamics, turbulence, Physics - Computational Physics, Astrophysics - Instrumentation and Methods for Astrophysics},
         year = "2016",
        month = "Oct",
       volume = {595},
          eid = {A41},
        pages = {A41},
          doi = {10.1051/0004-6361/201628205},
archivePrefix = {arXiv},
       eprint = {1607.04272},
 primaryClass = {physics.comp-ph},
       adsurl = {https://ui.adsabs.harvard.edu/abs/2016A&A...595A..41W},
      adsnote = {Provided by the SAO/NASA Astrophysics Data System}
}


@ARTICLE{athenapp,
       author = {{Felker}, Kyle Gerard and {Stone}, James M.},
        title = "{A fourth-order accurate finite volume method for ideal MHD via upwind constrained transport}",
      journal = {Journal of Computational Physics},
     keywords = {Magnetohydrodynamics, Numerical methods, High-order finite volume method, Constrained transport, Astrophysics - Instrumentation and Methods for Astrophysics, Mathematics - Numerical Analysis, Physics - Computational Physics},
         year = "2018",
        month = "Dec",
       volume = {375},
        pages = {1365-1400},
          doi = {10.1016/j.jcp.2018.08.025},
archivePrefix = {arXiv},
       eprint = {1711.07439},
 primaryClass = {astro-ph.IM},
       adsurl = {https://ui.adsabs.harvard.edu/abs/2018JCoPh.375.1365F},
      adsnote = {Provided by the SAO/NASA Astrophysics Data System}
}

@article{sekora_higher-order_2009,
	title = {A higher-order {Godunov} method for radiation hydrodynamics: {Radiation} subsystem},
	volume = {4},
	issn = {1559-3940, 2157-5452},
	shorttitle = {A higher-order {Godunov} method for radiation hydrodynamics},
	url = {https://projecteuclid.org/euclid.camcos/1513798579},
	doi = {10.2140/camcos.2009.4.135},
	language = {EN},
	number = {1},
	urldate = {2019-07-14},
	journal = {Communications in Applied Mathematics and Computational Science},
	author = {Sekora, Michael and Stone, James},
	year = {2009},
	mrnumber = {MR2551252},
	zmnumber = {1180.35031},
	keywords = {asymptotic preserving methods, Godunov methods, hyperbolic conservation laws, radiation hydrodynamics, stiff relaxation, stiff source terms},
	pages = {135--152},
}

@ARTICLE{castro_sdc,
       author = {{Zingale}, M. and {Katz}, M.~P. and {Bell}, J.~B. and {Minion}, M.~L. and {Nonaka}, A.~J. and {Zhang}, W.},
        title = "{Improved Coupling of Hydrodynamics and Nuclear Reactions via Spectral Deferred Corrections}",
      journal = {\apj},
     keywords = {Hydrodynamics, Astrophysical fluid dynamics, Computational methods, Computational astronomy, Astronomy software, Nuclear astrophysics, Nucleosynthesis, Stellar nucleosynthesis, 1963, 101, 1965, 293, 1855, 1129, 1131, 1616, Physics - Computational Physics, Astrophysics - Instrumentation and Methods for Astrophysics},
         year = 2019,
        month = dec,
       volume = {886},
       number = {2},
          eid = {105},
        pages = {105},
          doi = {10.3847/1538-4357/ab4e1d},
archivePrefix = {arXiv},
       eprint = {1908.03661},
 primaryClass = {physics.comp-ph},
       adsurl = {https://ui.adsabs.harvard.edu/abs/2019ApJ...886..105Z},
      adsnote = {Provided by the SAO/NASA Astrophysics Data System}
}




@ARTICLE{ma:2013,
       author = {{Ma}, H. and {Woosley}, S.~E. and {Malone}, C.~M. and {Almgren}, A. and
         {Bell}, J.},
        title = "{Carbon Deflagration in Type Ia Supernova. I. Centrally Ignited Models}",
      journal = {\apj},
     keywords = {hydrodynamics, instabilities, nuclear reactions, nucleosynthesis, abundances, supernovae: general, turbulence, white dwarfs, Astrophysics - High Energy Astrophysical Phenomena, Astrophysics - Solar and Stellar Astrophysics},
         year = 2013,
        month = jul,
       volume = {771},
       number = {1},
          eid = {58},
        pages = {58},
          doi = {10.1088/0004-637X/771/1/58},
archivePrefix = {arXiv},
       eprint = {1305.2433},
 primaryClass = {astro-ph.HE},
       adsurl = {https://ui.adsabs.harvard.edu/abs/2013ApJ...771...58M},
      adsnote = {Provided by the SAO/NASA Astrophysics Data System}
}


@article{strang_rnaas,
	doi = {10.3847/2515-5172/abf3cb},
	url = {https://doi.org/10.3847/2515-5172/abf3cb},
	year = 2021,
	month = {apr},
	publisher = {American Astronomical Society},
	volume = {5},
	number = {4},
	pages = {71},
	author = {M. Zingale and M. P. Katz and D. E. Willcox and A. Harpole},
	title = {Practical Effects of Integrating Temperature with Strang Split Reactions},
	journal = {Research Notes of the {AAS}},
	abstract = {Many astrophysical environments involve convective
                  or explosive flows driven by thermonuclear reactions
                  (Type Ia supernovae, classical novae, X-ray bursts,
                  stellar evolution). Simu lation codes need to
                  accurately capture the interactions between
                  reactions and hydrodynamics to prod uce realistic
                  models of these events. For astrophysical reacting
                  flows, operator splitting is common ly used to
                  couple hydrodynamics and reactions. Each process
                  operates independent of one another, but by
                  staggering the updates in a symmetric fashion (via
                  Strang splitting) second order accuracy in ti me can
                  be achieved. However, approximations are often made
                  to the reacting system, including the cho ice of
                  whether or not to integrate temperature with the
                  species. Here we demonstrate through a simpl e
                  convergence test that integrating an energy equation
                  together with reactions achieves the best con
                  vergence when modeling reactive flows with Strang
                  splitting. Additionally, second order convergence
                  cannot be achieved without integrating an energy or
                  temperature equation.}
}


@article{lsode,
	title = {Description and {Use} of {LSODE}, the {Livermore} {Solver} for {Ordinary} {Differential} {Equations}},
	language = {en},
        year = {1993},
	author = {{Radhakrishnan}, Krishnan and {Hindmarsh}, Alan C.},
        journal = {Lawrence Livermore National Laboratory Report UCRL-ID-113855},
	pages = {124}
}


@article{amrex_joss,
author = {{Zhang}, W. and {Almgren}, A. and {Beckner}, V. and {Bell}, J. and 
          {Blaschke}, J. and {Chan}, C. and {Day}, M. and {Friesen}, B. and {Gott}, K.
          and {Graves}, D. and {Katz}, M. P. and {Myers}, A. and {Nguyen}, T. and
          {Nonaka}, A. and {Rosso}, M. and {Williams}, S. and {Zingale}, M},
    title = "{AMReX: a framework for block-structured adaptive mesh refinement}",
  journal = {Journal of Open Source Software},
    year = {2019},
  volume = {4},
   number = 37,
   pages = {1370},
   doi = {10.21105/joss.01370},
   url = {http://joss.theoj.org/papers/10.21105/joss.01370},
  subject = {algorithms: general}
}

@article{castro_joss,
  doi = {10.21105/joss.02513},
  url = {https://doi.org/10.21105/joss.02513},
  year = {2020},
  publisher = {The Open Journal},
  volume = {5},
  number = {54},
  pages = {2513},
  author = {Ann Almgren and Maria Barrios Sazo and John Bell and Alice Harpole and Max Katz and Jean Sexton and Donald Willcox and Weiqun Zhang and Michael Zingale},
  title = {CASTRO: A Massively Parallel Compressible Astrophysics Simulation Code},
  journal = {Journal of Open Source Software},
  subject = {algorithms: compressible hydro}
}

@inproceedings{castro_gpu,
   author = {Katz, Max P. and Almgren, Ann and Sazo, Maria Barrios and
                  Eiden, Kiran and Gott, Kevin and Harpole, Alice and
                  Sexton, Jean M. and Willcox, Don E. and Zhang,
                  Weiqun and Zingale, Michael},
   title = {Preparing Nuclear Astrophysics for Exascale},
   year = {2020},
   isbn = {9781728199986},
   publisher = {IEEE Press},
   abstract = {Astrophysical explosions such as supernovae are
                  fascinating events that require sophisticated
                  algorithms and substantial computational power to
                  model. Castro and MAESTROeX are nuclear astrophysics
                  codes that simulate thermonuclear fusion in the
                  context of supernovae and X-ray bursts. Examining
                  these nuclear burning processes using high
                  resolution simulations is critical for understanding
                  how these astrophysical explosions occur. In this
                  paper we describe the changes that have been made to
                  these codes to transform them from standard MPI +
                  OpenMP codes targeted at petascale CPU-based systems
                  into a form compatible with the pre-exascale systems
                  now online and the exascale systems coming soon. We
                  then discuss what new science is possible to run on
                  systems such as Summit and Perlmutter that could not
                  have been achieved on the previous generation of
                  supercomputers.},
booktitle = {Proceedings of the International Conference for High
                  Performance Computing, Networking, Storage and
                  Analysis},
articleno = {91},
numpages = {12},
keywords = {gravity, hydrodynamics, computational fluid dynamics, adaptive mesh refinement, nuclear reactions, astrophysics},
location = {Atlanta, Georgia},
series = {SC '20},
  subject = {high-performance computing},
   url = {https://dl.acm.org/doi/abs/10.5555/3433701.3433822}
}


@ARTICLE{harpole:2021,
       author = {{Harpole}, A. and {Ford}, N.~M. and {Eiden}, K. and {Zingale}, M. and {Willcox}, D.~E. and {Cavecchi}, Y. and {Katz}, M.~P.},
        title = "{Dynamics of Laterally Propagating Flames in X-Ray Bursts. II. Realistic Burning and Rotation}",
      journal = {\apj},
     keywords = {X-ray bursts, Nucleosynthesis, Open source software, Hydrodynamics, Hydrodynamical simulations, Neutron stars, Computational methods, 1814, 1131, 1866, 1963, 767, 1108, 1965, Astrophysics - High Energy Astrophysical Phenomena},
         year = 2021,
        month = may,
       volume = {912},
       number = {1},
          eid = {36},
        pages = {36},
          doi = {10.3847/1538-4357/abee87},
archivePrefix = {arXiv},
       eprint = {2102.00051},
 primaryClass = {astro-ph.HE},
       adsurl = {https://ui.adsabs.harvard.edu/abs/2021ApJ...912...36H},
      adsnote = {Provided by the SAO/NASA Astrophysics Data System}
}

